3402 5360
837 468 887 543 22

307 688 404 756 etse
430 680 573 756 iterinn
600 681 694 756 calo
713 681 972 756 committunt.
1026 682 1125 758 Crlrn
1153 685 1202 758 ab
1228 689 1423 782 aequatore

308 835 385 885 uno
404 816 443 884 et
468 809 609 908 viginti
635 810 822 908 gradibus
840 820 879 886 et
904 810 1053 909 aliquot
1079 812 1243 888 minutis
1271 813 1420 888 abesse·

307 963 407 1033 mue,
426 938 494 1014 ubi
519 939 691 1038 tropicus
716 938 864 1038 incipit,
883 940 1017 1015 videre
1043 947 1127 1016 erat
1152 966 1244 1016 aves
1271 966 1379 1040 quas,
1400 943 1423 1015 a

307 1066 401 1160 loco,
428 1066 596 1166 tropicas
623 1073 774 1160 vocant,
801 1067 842 1142 in
867 1093 943 1144 aere
969 1071 1175 1166 pendulas:
1205 1070 1304 1164 Illae,
1333 1070 1421 1144 crim

306 1196 496 1271 falconem
524 1196 626 1271 mole
651 1197 867 1294 adaequent,
888 1198 1039 1272 duabus
1066 1197 1277 1296 praelongis
1304 1205 1342 1273 et
1366 1198 1419 1272 al-

307 1325 490 1400 bentibus
516 1323 662 1424 plumis
688 1325 728 1400 in
748 1327 872 1400 caudet
897 1325 1125 1423 conspicuae,
1145 1326 1336 1402 incertum
1364 1331 1423 1401 est

308 1479 358 1528 an
389 1453 469 1528 aeri
505 1451 693 1552 perpetuo
724 1453 930 1547 insideant,
959 1479 1009 1528 an
1047 1457 1280 1554 quandoque
1311 1455 1423 1554 aquis

305 1609 346 1658 se
381 1589 610 1658 sustentent.
676 1582 823 1676 Cetera,
860 1590 903 1658 ut
938 1583 1105 1659 aliorum
1141 1583 1282 1658 litteris
1318 1592 1421 1677 nota,

306 1711 496 1792 omittam>

356 1844 454 1918 Oinn
489 1843 639 1918 insulas
674 1843 910 1938 Fortunatas
946 1867 1118 1918 essemus
1161 1845 1420 1941 praetervecti,

306 1973 499 2048 Dominus
546 1972 775 2047 Leonar'dus
819 1971 987 2064 Calvert,
1021 1971 1233 2046 Praefectus
1277 1971 1421 2047 Classis

304 2103 452 2202 agitare
486 2102 605 2201 coepit
648 2127 745 2201 quas
780 2127 937 2194 merces,
974 2108 1013 2175 et
1048 2103 1151 2176 unde
1195 2077 1422 2201 comparare

303 2237 433 2329 posset
462 2231 554 2306 navi
582 2230 715 2306 reduci
744 2232 962 2324 onerandas,
991 2255 1067 2329 quo
1091 2229 1228 2305 'fratris
1257 2232 1318 2306 sui
1347 2233 1420 2306 Ba-

303 2361 409 2436 ronis
437 2364 484 2437 de
511 2360 726 2436 Baltimore
753 2361 975 2458 sumptibus
1002 2367 1167 2436 caveret.
1221 2361 1289 2435 Illi
1316 2362 1420 2436 enim

303 2497 347 2564 ut
372 2490 491 2564 totius
520 2489 779 2588 navigationis
806 2487 976 2586 principi
1003 2513 1100 2577 onus
1133 2488 1332 2587 integrum
1360 2489 1418 2563 in-

302 2619 520 2692 cumbebat.
573 2617 622 2692 In
649 2616 833 2716 Virgini-o
864 2619 887 2691 a
917 2616 1156 2691 nostratibus
1185 2616 1285 2691 nihil
1316 2643 1420 2693 com-

302 2747 408 2824 modi
427 2749 673 2847 sperabatur3
702 2754 794 2822 sunt
812 2747 915 2822 enim
941 2746 1032 2821 huic
1051 2772 1162 2821 novae
1186 2747 1420 2845 plantationi

302 2877 463 2954 infensi:
492 2877 623 2976 itaque
648 2879 698 2952 ad
724 2877 894 2952 insulam
922 2875 1261 2974 s¹10hrist0ph0ri
1288 2879 1418 2978 tende·

301 3007 462 3097 bamus3
489 3006 578 3079 curn
602 3005 763 3080 concilio
782 3003 969 3096 adhibito,
990 3010 1167 3078 verentes
1190 3029 1248 3096 ne,
1269 3006 1314 3078 ea
1332 3005 1420 3078 seret

303 3135 397 3211 anni
422 3143 664 3234 tempestate,
691 3136 759 3210 alii
786 3159 856 3210 nos
883 3133 1175 3234 praevenissent,
1196 3158 1331 3231 proras
1358 3133 1420 3208 ob·

303 3264 494 3343 vertimus
530 3267 580 3340 ad
619 3271 796 3340 austrum
834 3270 878 3338 ut
920 3261 1135 3337 Bonavista
1178 3261 1418 3359 potiremur:

303 3421 391 3497 quae
422 3393 563 3488 insula,
593 3395 744 3494 angolae
780 3391 959 3492 apposita
991 3390 1030 3464 in
1067 3390 1207 3465 littore¹
1233 3391 1420 3467 Africano

304 3523 490 3622 gradibus
518 3525 579 3600 14.
601 3526 650 3599 ab
676 3531 882 3623 aequatore,
902 3519 1017 3596 statio
1044 3527 1102 3594 est
1129 3519 1420 3596 Hollandorum

307 3654 427 3728 salem
463 3653 787 3756 conquirentium,
819 3676 934 3755 quem
971 3647 1122 3741 deinde,
1152 3649 1214 3722 vel
1247 3651 1418 3744 domum,
