3402 5360
807 526 857 600 at

323 721 543 820 Hominum
574 743 752 818 acerbam
783 741 1030 818 severitatem
1067 740 1223 816 Divinae
1255 739 1387 816 Provi-

274 875 416 948 dentiae
442 871 697 947 consideratio
724 871 931 970 mitigavit.
984 871 1257 947 Intelleximus
1283 869 1386 944 eninr

273 1005 324 1078 ad
349 1003 526 1078 Insulam
555 1001 780 1078 Bonavistae
798 1009 901 1078 stare
919 1003 1092 1078 Classem
1117 999 1385 1099 Hispanicam,

273 1158 350 1232 quo
381 1140 531 1208 exteros
561 1156 695 1206 omnes
730 1130 831 1206 Salis
862 1119 1091 1206 commercio
1123 1129 1386 1229 prohiberent.

240 1359 245 1368 '
275 1263 351 1337 lllb
377 1262 410 1336 si
437 1263 552 1361 porrb
578 1260 911 1336 contendissemus
939 1260 1078 1335 itinere
1104 1257 1324 1351 constituto,
1347 1257 1387 1330 in

274 1416 410 1485 casses,
438 1391 573 1490 praua
598 1389 700 1482 facti,
721 1390 1008 1467 decidissemus,
1061 1388 1205 1487 Majori
1230 1386 1388 1462 interim

275 1521 447 1620 periculo
474 1523 524 1595 ad
550 1519 774 1595 Barbadocs
792 1521 936 1618 erepti:
964 1518 1144 1595 famuliffl)
1170 1543 1240 1616 per
1265 1522 1388 1591 totam

274 1651 445 1726 insulam
471 1649 512 1724 in
540 1673 670 1724 necem
699 1649 956 1725 Dominarum
983 1648 1274 1748 conspirarent3
1302 1647 1386 1720 tiun

276 1769 422 1854 scilicet
464 1778 504 1852 in
548 1777 768 1853 libertatem
810 1780 958 1872 asserti,
995 1779 1087 1855 navi
1130 1804 1218 1877 quae
1261 1801 1389 1876 prima

277 1909 501 2008 appelleret,
545 1907 664 2005 potiri
711 1916 929 1984 statuerant
974 1917 1013 1985 et
1054 1915 1204 1984 tentare
1252 1905 1387 1980 maria.

276 2037 550 2137 Oonjuratione
582 2039 774 2136 patefacta
808 2065 877 2139 per
908 2042 1116 2138 quemdam
1148 2063 1263 2137 quern
1299 2036 1389 2110 facti

276 2167 457 2244 atrocitas
492 2168 721 2261 deterrebat,
753 2168 990 2266 supplicium
1026 2168 1142 2244 unius
1173 2193 1220 2241 ex
1254 2163 1387 2263 praeci·

276 2297 376 2396 puis,
411 2304 449 2372 et
491 2297 631 2372 insulae
665 2297 863 2372 securitati
906 2306 944 2373 et
987 2297 1098 2372 nobis
1141 2295 1259 2372 saluti
1301 2293 1387 2368 fuit.

278 2427 423 2502 Nostra
449 2425 551 2502 enirn
573 2426 696 2520 navis,
716 2435 758 2502 ut
776 2453 864 2526 quae
888 2429 1018 2526 prima
1044 2425 1166 2502 littori
1185 2423 1387 2523 applicuit,

277 2560 421 2658 praedae
447 2556 639 2633 destinata
665 2558 809 2651 lucrat3
838 2565 876 2633 et
901 2584 945 2632 co
970 2558 1056 2656 ipso
1075 2556 1137 2632 dic
1163 2579 1239 2654 quo
1266 2577 1389 2650 appu·

277 2688 409 2787 limus,
428 2687 667 2786 octingentos
693 2687 732 2762 in
761 2689 880 2763 armis
906 2687 1134 2786 reperimus,
1160 2687 1237 2784 qub
1262 2708 1391 2758 recen-

277 2815 428 2892 tissimo
455 2815 590 2890 sceleri
625 2815 840 2892 obviarent.
1128 2789 1132 2796 Ι

302 3025 304 3030 ,
329 2947 476 3022 insulae
500 2947 764 3022 Barbadoeum
783 2949 833 3024 30
859 2947 1050 3022 Milliaria
1067 2945 1238 3021 continet
1263 2941 1388 3041 longi-

277 3077 383 3166 tud0,
403 3074 569 3150 latitudo
589 3077 654 3151 16:
682 3077 868 3174 gradibus
889 3081 948 3153 13.
969 3079 1017 3152 ab
1036 3083 1242 3174 aequatura,
1262 3073 1389 3173 calore

278 3210 387 3278 tanto
418 3209 462 3278 ut
492 3203 639 3297 incolae,
669 3205 854 3304 hybernis
885 3206 1095 3298 mensibus,
1128 3203 1243 3279 lineis
1273 3201 1389 3276 vesti-

279 3340 405 3427 antur,
425 3339 464 3407 et
489 3333 599 3432 aquis
618 3359 665 3409 se·
676 3335 818 3434 saepius
846 3335 1093 3433 immergant.
1145 3331 1287 3408 Messis
1305 3332 1388 3406 tirm
