3348 5346
814 497 833 572 7

155 775 159 782 ·
265 754 356 853 (64.)
385 759 551 846 tantum,
575 755 644 828 sed
668 753 789 827 animi
818 752 936 828 etiam
965 751 1108 827 indicia
1136 779 1159 827 a
1182 761 1264 828 tota
1293 755 1375 828 uni·

261 882 406 956 versim
435 881 585 956 colonia
611 881 728 956 alieni
756 882 862 956 haud
890 882 1052 956 obscura
1078 879 1195 955 dedit.
1249 881 1376 970 Quam

261 1011 509 1100 Gubernator
538 1012 750 1108 prudenter
785 1011 978 1102 odoratus,
1011 1010 1059 1083 de
1094 1033 1253 1084 suorum
1288 1035 1374 1084 con·

259 1139 359 1232 sili0,
380 1139 538 1214 Patrem
563 1165 586 1212 a
610 1137 729 1236 Regis
753 1136 921 1236 hospitio
947 1138 1189 1212 avocandum
1213 1138 1373 1230 censuit,

260 1293 308 1342 ne
329 1267 393 1341 vel
419 1266 620 1365 inopinato
647 1267 835 1341 barbarus
862 1265 1010 1364 aliquid
1033 1265 1206 1363 perfidiae
1233 1291 1312 1340 suae
1337 1276 1376 1342 et

258 1395 499 1472 crudelitatis
535 1396 756 1494 exemplum
787 1395 828 1468 in
863 1394 1106 1470 innocentem
1142 1397 1282 1490 ederet,
1310 1397 1373 1470 vel

258 1525 360 1599 certe
387 1549 435 1598 ne
461 1524 533 1598 hoc
559 1523 669 1622 quasi
694 1522 826 1598 obside
851 1525 955 1621 apud
978 1548 1110 1620 regem
1133 1523 1278 1617 relict0,
1301 1524 1372 1598 im·

258 1651 457 1750 pediretur
491 1651 585 1749 ipse,
621 1650 828 1750 quominus
864 1649 1054 1724 arbitratu
1089 1675 1158 1725 suo
1193 1651 1373 1749 persequi

258 1780 422 1878 injurias
456 1787 597 1878 posset,
634 1779 667 1854 si
702 1780 856 1878 quando
896 1778 1029 1876 palam
1065 1803 1105 1854 se
1140 1779 1372 1854 Patuxensis

259 1909 411 1983 hostem
437 1910 629 2007 proderet.

308 2039 406 2112 Cum
442 2039 702 2136 Imperatores
733 2062 918 2136 regesque
948 2045 1225 2131 memorantur,
1258 2065 1371 2114 nemo

259 2165 388 2240 animo
423 2167 547 2264 fingat
580 2171 785 2262 augustam
820 2163 995 2238 virorum
1030 2163 1208 2262 speciem,
1244 2165 1371 2264 qualis

258 2292 424 2366 aliorum
455 2299 513 2366 est
546 2291 587 2366 in
623 2293 782 2389 Europa
816 2289 1055 2388 Principum.
1109 2290 1235 2365 Indici
1266 2291 1371 2366 enirn

258 2421 298 2494 hi
324 2445 445 2518 reges,
467 2419 646 2519 quamvis
668 2445 862 2494 summam
885 2417 975 2494 vitae
1002 2417 1180 2517 necisque
1203 2426 1370 2517 potesta-

256 2557 336 2622 tem
367 2547 408 2622 in
439 2573 528 2622 suos
558 2549 737 2641 habeant,
765 2554 803 2622 et
833 2548 1001 2646 quadam
1036 2548 1206 2641 honoris,
1234 2575 1370 2648 opum·

257 2703 330 2776 que
351 2677 611 2775 praerogativa
629 2683 788 2751 ant-eant
814 2684 984 2768 coeteros
1004 2676 1111 2752 cultu
1136 2684 1268 2752 tamen
1290 2703 1369 2752 cor-

257 2806 363 2904 poris
385 2831 507 2904 prope
532 2805 632 2882 nihil
656 2831 679 2879 a
699 2805 816 2903 vulgo
840 2806 1035 2880 recedunt.
1090 2805 1256 2880 lllorum
1283 2832 1370 2904 pro·

257 2935 398 3034 prium,
426 2961 501 3033 quo
528 2961 551 3008 a
576 2934 688 3032 plebe
715 2959 889 3009 secernas
916 2932 1151 3031 Principem,
1170 2941 1370 3032 gestamen

256 3065 397 3156 est,vel
414 3069 570 3162 torques
589 3089 609 3137 e
626 3089 781 3161 gemma
798 3062 887 3137 rudi
901 3069 1112 3156 contextus,
1125 3064 1188 3138 vel
1206 3065 1369 3158 balteus,

256 3195 320 3269 vel
348 3195 522 3293 chlamys
550 3194 713 3270 subinde
744 3193 896 3268 conchis
925 3193 1107 3268 distincta
1135 3193 1369 3270 orbiculatis.

258 3323 413 3397 Horum
447 3349 568 3420 regna
602 3323 776 3420 angustis
816 3323 1046 3420 plerumque
1081 3322 1196 3397 unius
1235 3325 1369 3422 oppidi

257 3461 372 3551 atque
417 3452 501 3551 agri
546 3452 757 3550 adjacentis
798 3452 1166 3528 circumscribuntur
1210 3454 1368 3546 finibus,

257 3606 480 3680 quanquam
499 3582 646 3680 Tayaco
667 3582 791 3656 multo
813 3582 928 3656 latior
952 3580 1164 3656 dominatio
1184 3588 1251 3675 est,
1276 3584 1365 3682 (65.)

258 3713 308 3784 ad
330 3709 456 3784 millia
478 3735 664 3807 passuum
685 3717 840 3784 centum
861 3709 1011 3784 circiter
1032 3716 1071 3784 et
1091 3709 1263 3808 triginta,
1282 3735 1369 3808 pro·

257 3847 377 3931 tensa,
396 3840 504 3936 cujus
526 3839 644 3913 etiarn
665 3838 828 3936 imperio
851 3837 1006 3912 obnoxii
1028 3845 1120 3913 sunt
1141 3838 1208 3913 alii
1232 3841 1369 3938 reguli.

308 3967 374 4040 Ad
401 3967 515 4058 huno,
540 3965 836 4064 Moquaoomeni
867 3967 1070 4063 desperata
1098 3966 1232 4060 salute,
1258 3992 1298 4042 se
1325 3968 1369 4042 P.

190 4095 194 4102 ’
257 4097 437 4170 Andreas
472 4095 645 4187 contulit,
677 4101 716 4168 et
746 4093 794 4168 ab
826 4119 881 4187 ec,
904 4095 967 4168 vel
1003 4094 1088 4192 ipso
1124 4094 1250 4193 primo
1282 4120 1368 4170 con-

257 4249 392 4321 gressu
425 4223 661 4322 perbenigne
699 4223 866 4316 habitus,
903 4249 1023 4322 usque
1062 4226 1157 4299 adeo
1193 4222 1267 4298 sibi
1306 4226 1368 4298 de·

256 4353 383 4429 vinxit
403 4353 543 4444 virum,
564 4360 607 4428 ut
630 4351 768 4429 exinde
794 4353 835 4426 in
862 4378 1013 4429 summo
1039 4355 1144 4452 apud
1170 4379 1259 4430 eum
1285 4360 1370 4430 tuni
