3348 5346
839 493 887 564 16

309 749 403 828 item
425 747 590 848 parvulo
608 747 688 822 filio
710 747 896 846 baptismi
917 747 1023 821 fonte
1040 745 1166 821 renati
1187 751 1289 819 sunt.
1342 743 1419 818 Im·

309 877 490 976 peratori,
517 876 583 976 qui
615 882 728 951 antea
763 875 1039 950 Chitomachen
1071 873 1262 967 audiebat,
1293 873 1421 948 Caroli

311 1033 462 1100 nomen,
490 1006 600 1082 uxori
629 1013 762 1080 autem
793 1004 933 1080 Mariae
963 1003 1132 1079 inditum
1160 1003 1249 1094 fuit3
1280 1002 1421 1100 reliqui

310 1161 398 1212 cum
426 1137 637 1211 christiana
664 1138 739 1211 fide
768 1135 1079 1210 Christianorum
1108 1133 1267 1208 nomina
1294 1131 1421 1207 sortiti

311 1272 412 1340 sunt.
475 1265 626 1340 Aderat
659 1263 905 1339 Solemnitati
941 1264 1300 1338 Gubernatorem
1333 1285 1421 1335 cum

310 1393 532 1486 Secretario‚
552 1393 715 1492 aliisque
736 1393 931 1491 pluribus3
963 1391 1055 1490 (75.)
1081 1417 1149 1466 nec
1171 1394 1220 1466 ad
1245 1390 1420 1488 magnifi-

310 1520 477 1595 centiam
512 1521 725 1619 quidquam
757 1523 899 1614 deerat,
936 1523 1040 1619 quod
1075 1527 1208 1594 nostra
1242 1520 1420 1596 exhibere

310 1649 472 1724 facultas
506 1656 668 1748 poterat.
722 1650 817 1724 Post
844 1651 1059 1743 meridiem,
1088 1651 1173 1724 Rex
1202 1657 1241 1725 et
1272 1649 1423 1748 Regina

311 1778 605 1853 matrimonium
637 1777 857 1852 Christiano
888 1804 996 1853 more
1026 1778 1190 1870 inivere3
1222 1805 1330 1853 sacra
1358 1780 1420 1853 de-

311 1905 402 1981 inde
432 1931 526 1980 crux
553 1905 834 2003 magnitudinis
865 1907 970 1981 haud
1000 1905 1162 1981 modicae
1192 1913 1318 1981 erecta
1347 1912 1421 1996 est;

311 2033 372 2108 cui
403 2036 453 2109 ad
483 2033 719 2108 destinatum
745 2033 872 2108 locum
900 2035 1069 2108 ferendae
1101 2035 1194 2126 Rau,
1223 2034 1421 2108 Guberna-

310 2169 382 2254 tor,
410 2161 644 2236 Secretarius
674 2169 713 2236 et
742 2162 881 2260 reliqui
911 2187 1051 2236 manus
1078 2163 1336 2260 humerosque
1363 2187 1421 2236 ao·

311 2293 621 2367 commodarunt:
654 2292 805 2365 duobus
835 2291 992 2366 interim
1023 2317 1044 2366 e
1074 2291 1216 2366 nostris
1248 2291 1423 2366 Litanias

311 2423 352 2496 in
387 2423 573 2497 honorem
609 2422 664 2496 ΒΨ
682 2421 858 2519 Virginis
893 2421 1203 2520 praecinentibus.
1255 2423 1311 2495 At
1345 2447 1423 2495 non

311 2550 435 2625 multo
462 2557 551 2648 post
576 2550 620 2624 P.
643 2550 838 2624 Andraeus
857 2549 973 2624 Vitus
997 2573 1040 2623 ac
1062 2550 1106 2624 P.
1128 2550 1299 2623 Joannes
1326 2549 1422 2622 Gra·

312 2680 491 2755 venerius
522 2705 611 2755 suas
642 2679 759 2754 etiam
790 2704 919 2754 cruces
947 2679 1052 2753 hand
1081 2679 1196 2776 paulo
1226 2678 1423 2776 graviores

313 2807 461 2907 experti
496 2815 597 2882 sunt.
650 2809 754 2882 Nam
786 2809 830 2882 P.
849 2808 966 2882 Vitus
996 2809 1091 2882 dum
1121 2807 1162 2881 in
1193 2807 1423 2906 peragendis

312 2935 410 3010 sacri
436 2935 620 3033 baptismi
646 2935 885 3010 eaeremoniis
912 2959 998 3034 quae
1024 2935 1276 3032 longiusculae
1301 2942 1423 3026 erant,

312 3065 545 3158 incaluisset,
576 3065 617 3138 in
653 3064 774 3139 alium
810 3067 935 3139 denuo
971 3064 1116 3156 incidit,
1148 3064 1215 3163 qui
1250 3089 1339 3139 eum
1374 3066 1424 3139 ad

313 3201 518 3269 exeuntem
551 3218 672 3292 usque
706 3193 886 3292 hyemem
920 3192 1056 3267 tenuit.
1113 3193 1170 3266 At
1204 3193 1248 3267 P.
1279 3193 1423 3267 Grave·

313 3321 443 3396 nerius
484 3323 628 3419 pedum
666 3320 787 3395 officio
831 3320 886 3395 ita
927 3320 1134 3396 destitutus
1175 3327 1243 3413 est,
1290 3327 1333 3394 ut
1376 3345 1424 3394 ne

312 3450 520 3548 vestigium
544 3450 701 3548 quidem
729 3450 853 3548 possit
879 3450 990 3524 humi
1016 3451 1196 3548 defigere:
1229 3450 1426 3524 convaluit

313 3589 444 3656 tamen
475 3587 514 3654 et
547 3581 641 3678 ipse,
672 3580 762 3655 licet
795 3587 930 3677 postea
964 3586 1202 3678 apostemate
1232 3579 1424 3673 laborans

313 3735 524 3810 paucorum
560 3709 711 3784 dierum
747 3709 883 3806 spatio,
910 3713 935 3783 5
966 3710 1004 3783 N
1006 3709 1199 3784 ovembris
1235 3709 1424 3784 extinctus

314 3846 383 3914 est.

365 3967 461 4040 Cum
489 3991 536 4039 ex
561 3965 770 4063 praeteritae
793 3966 939 4040 aestatis
966 3965 1088 4040 nimia
1111 3965 1280 4041 siccitate
1303 3967 1426 4041 fames

314 4099 419 4195 apud
464 4097 583 4171 Indos
628 4096 921 4194 ingravesceret,
961 4123 1009 4171 ne
1051 4121 1185 4171 eorum
1231 4096 1426 4194 negligere

314 4251 475 4324 corpora
504 4224 736 4318 videremur,
769 4227 817 4299 ob
852 4251 1017 4324 quorum
1051 4227 1241 4300 curandas
1277 4225 1426 4300 animas

313 4361 467 4434 tantum
502 4353 576 4428 iter
610 4353 756 4428 emensi
791 4379 936 4445 sumus,
968 4353 1058 4428 licet
1091 4379 1179 4428 caro
1214 4355 1426 4429 admodum
