3348 5346
826 489 850 560 8

289 771 420 824 amore
453 754 538 822 tum
573 745 822 821 veneratione
856 745 941 821 fuit.
1011 745 1130 843 Cujus
1165 745 1222 820 rei
1256 744 1320 819 rel
1360 743 1402 818 id

288 875 456 952 maxime
491 881 718 974 argumento
754 881 822 968 cst,
852 877 955 973 quod
991 875 1150 950 Patrem
1182 875 1289 949 nullo
1326 873 1402 948 alic
1503 893 1509 900 ·

289 1013 548 1106 praeterquam
577 1003 721 1080 aedium
752 1029 911 1079 suarum
939 1003 1107 1103 hospitio
1137 1004 1194 1078 uti
1222 1003 1401 1078 veluerit.

289 1135 425 1234 Neque
453 1134 666 1234 quidquam
698 1133 933 1232 Imperatrix
963 1133 1117 1232 conjugi
1152 1159 1221 1208 suc
1257 1135 1304 1207 de
1338 1133 1401 1206 be·

289 1263 509 1339 nevclentia
530 1263 570 1337 in
592 1262 786 1361 hospitem
808 1262 991 1356 concedit,
1011 1262 1154 1361 quippe
1172 1287 1258 1360 quae
1279 1259 1401 1335 mani·

287 1392 360 1466 bus
395 1391 474 1465 suis
514 1391 632 1489 (quod
667 1389 785 1464 etiam
820 1389 1067 1464 Thesaurarii
1106 1415 1203 1463 uxor
1237 1389 1403 1462 libenter

288 1519 452 1618 factitat)
481 1527 519 1594 et
540 1519 644 1594 cibos
666 1519 701 1594 ei
722 1519 889 1612 condire,
912 1526 951 1593 et
971 1543 1113 1617 panem
1137 1518 1301 1616 pinsere,
1325 1543 1403 1591 non

290 1645 432 1721 minori
456 1671 558 1739 cura,
578 1672 695 1745 quam
719 1671 837 1744 opera
860 1645 1071 1721 consuevit.
1124 1646 1297 1743 Hujusce
1320 1652 1402 1719 tam

291 1774 499 1873 singularis
521 1774 561 1849 in
585 1775 743 1849 Patrem
768 1774 911 1848 amoris
933 1801 1058 1868 causa,
1078 1777 1128 1850 ad
1152 1777 1228 1850 duo
1253 1774 1404 1849 somnia

294 1903 384 2001 (nisi
420 1903 495 1978 alic
527 1903 684 1978 nomine
715 1903 913 2001 dignanda
947 1905 1117 2002 censeas)
1157 1910 1311 2001 accepta
1345 1928 1402 1977 re-

290 2034 448 2108 ferenda
475 2039 544 2106 est.
596 2032 779 2106 Alterum
805 2031 982 2106 Uwanno
1014 2032 1188 2106 oblatum
1218 2056 1403 2130 germano

292 2160 545 2260 Imperatoris
585 2161 708 2254 fratri,
748 2186 862 2259 quem
903 2169 993 2235 ante
1034 2187 1074 2236 se
1114 2169 1342 2260 regnantem
1383 2187 1404 2236 e

291 2290 418 2366 medio
446 2289 613 2365 sustulit.
666 2290 707 2364 Is
733 2289 838 2364 enim
865 2292 1076 2365 secundum
1102 2291 1271 2389 quietem
1297 2290 1405 2364 visus

290 2427 349 2495 est
384 2420 428 2494 P.
446 2418 585 2492 Vitum
620 2425 659 2492 ct
693 2418 737 2492 P.
767 2418 1049 2492 Gravcnerium
1084 2444 1214 2493 coram
1249 2418 1403 2510 intueri,

291 2573 499 2645 vocemque
525 2546 685 2645 insuper
711 2547 846 2622 audire
872 2555 1115 2623 monentem:
1135 2549 1214 2634 ¹hos
1241 2547 1406 2646 deinque

292 2677 395 2751 viros
426 2701 519 2769 esse,
544 2675 611 2774 qui
639 2675 769 2774 ipsum
795 2701 883 2750 cum
911 2683 1026 2774 gente
1054 2702 1124 2751 sua
1150 2677 1332 2751 universa
1359 2701 1406 2750 ex

292 2805 422 2884 animo
454 2805 669 2903 deligerent
696 2812 811 2903 atque
840 2831 885 2881 ea
913 2831 1042 2881 secum
1070 2807 1172 2881 bona
1200 2808 1404 2898 deferrent,

292 2934 431 3036 quibus
466 2933 499 3007 si
529 2933 658 3026 vellet,
686 2934 821 3008 beatus
857 2960 940 3008 esse
974 2942 1115 3032 posset.
1185 2934 1290 3008 Hinc
1323 2942 1406 3009 tam

292 3062 384 3136 viva
413 3061 635 3160 ignotorum
666 3061 869 3135 hominum
905 3062 1049 3160 species
1088 3062 1129 3136 in
1164 3069 1293 3137 mente
1323 3063 1407 3160 ejus

293 3190 483 3288 impressa
508 3188 662 3281 resedit,
682 3195 726 3262 ut
747 3189 809 3262 vel
835 3188 964 3286 primo
993 3190 1084 3288 (66.)
1111 3197 1268 3287 aspectu
1292 3191 1407 3264 adse

293 3318 491 3393 venientes
518 3317 735 3410 noscitaret,
761 3343 856 3414 quos
883 3317 1062 3416 deinceps
1091 3317 1280 3416 singulari
1308 3343 1405 3392 sem·

294 3474 363 3548 per
393 3447 662 3522 benevolentia
692 3447 915 3545 complexus
947 3455 1015 3540 est,
1044 3447 1181 3522 solitus
1212 3447 1329 3521 etiam
1362 3447 1406 3520 P.

294 3578 432 3652 Vitum
462 3575 634 3674 parentis
662 3575 895 3673 compellare
926 3575 1093 3670 numine,
1119 3576 1180 3650 cui
1211 3582 1249 3650 et
1282 3575 1407 3650 filium

295 3706 369 3781 sibi
395 3704 572 3802 apprime
597 3730 729 3778 carum
758 3705 816 3802 (ut
842 3713 900 3778 est
925 3730 1019 3803 gens
1046 3704 1173 3779 omnis
1197 3704 1425 3779 liberorum

295 3833 573 3926 amantissima,
593 3859 792 3931 nunquam
815 3835 894 3909 fere
916 3859 980 3908 ecs
1004 3860 1027 3908 a
1050 3834 1254 3932 complexu
1277 3833 1407 3907 dimit·

295 3963 396 4060 tens)
444 3961 495 4034 ad
533 3967 681 4058 septem
722 3986 844 4034 annos
884 3963 1038 4036 tradere
1078 3960 1119 4035 in
1160 3959 1408 4058 disciplinam

296 4090 430 4166 veluit.
483 4089 664 4163 Alterum
687 4090 835 4189 Tayacc
858 4097 1055 4164 ostensum
1077 4089 1161 4183 fuit,
1181 4091 1284 4187 quod
1305 4090 1407 4163 creb-

294 4220 349 4295 ris
370 4219 454 4317 ipse
475 4217 572 4292 solet
594 4243 781 4316 usurpare
804 4218 1062 4292 sermonibus:
1091 4217 1302 4316 quiescenti
1324 4217 1408 4310 sibi,

296 4346 494 4438 nimirum,
523 4345 613 4419 hinc
648 4371 762 4420 suum
797 4353 950 4444 patrem
985 4347 1067 4421 vita
1102 4349 1327 4422 defunctum
1363 4348 1410 4420 ob
