3348 5346
717 503 766 577 35

231 769 281 842 A.
302 767 351 842 D.
371 767 481 844 1672.
535 765 766 840 Missionem
794 763 1104 864 Marylandicam
1133 766 1209 840 duo
1236 788 1297 838 ex·

179 897 315 970 colunt
355 897 583 987 sacerdotes,
619 894 759 993 quibus
794 893 919 991 juncti
955 899 1047 967 sunt
1084 893 1133 966 ad
1167 917 1298 966 rerum

179 1024 462 1123 temporalium
491 1050 534 1099 ac
563 1023 861 1099 domesticarum
890 1048 1022 1098 curam
1049 1021 1210 1097 totidem
1239 1046 1297 1096 co-

180 1155 392 1251 adjutores.
446 1154 715 1228 Numerantur
739 1153 788 1226 ab
812 1151 953 1227 ultima
973 1151 1123 1226 ratione
1146 1149 1299 1226 reddita

182 1285 233 1356 ad
255 1281 471 1356 Ecclesiam
494 1280 650 1358 adducti
668 1280 915 1379 septuaginta
935 1287 1111 1378 quatuor.
1163 1279 1298 1377 Bapti-

181 1409 258 1484 zati
277 1417 445 1502 centum,
464 1411 624 1484 confess.
643 1433 771 1507 gener.
791 1415 958 1507 exceptae
980 1410 1039 1482 20.

231 1542 282 1615 A.
303 1541 351 1616 D.
373 1540 482 1618 1673.
536 1541 623 1614 Hoc
653 1565 755 1615 anno
784 1541 860 1614 duo
889 1541 1103 1614 sacerdotes
1132 1547 1171 1614 et
1198 1563 1298 1613 unus

180 1669 304 1766 coadj.
331 1668 394 1742 hic
420 1675 637 1743 versantur.
690 1667 757 1742 Illi
785 1667 825 1742 in
854 1666 1127 1742 confirmandis
1155 1666 1196 1740 in
1223 1668 1298 1741 fide

181 1797 403 1890 Catholicis,
427 1822 470 1871 ac
496 1796 640 1895 pietate
666 1796 897 1888 imbuendis,
920 1820 1078 1894 operam
1104 1793 1298 1892 praecipue

181 1903 382 2000 collocant.
436 1927 512 2000 Sed
530 1933 673 2001 etcum
692 1925 883 2000 haereticis
902 1925 1019 2000 etiam
1038 1950 1084 1999 ex
1102 1923 1298 2000 occasione

181 2062 314 2154 agunt,
334 2061 450 2153 atque
477 2081 524 2129 ex
544 2055 606 2129 his
632 2057 682 2130 28
700 2055 882 2129 Ecclesiae
908 2059 1179 2152 aggregarunt.
1233 2053 1296 2128 In·

179 2186 305 2258 fantes
334 2209 426 2258 vero
456 2185 506 2258 ad
537 2183 785 2281 septuaginta
812 2209 883 2282 per
913 2207 1065 2256 sacrum
1094 2180 1298 2280 Baptisma

182 2312 338 2386 Christo
357 2319 585 2410 genuerunt.
627 2313 819 2386 Caeterum
839 2312 880 2384 in
898 2318 1048 2409 partem
1064 2311 1241 2385 laborum
1260 2319 1299 2387 et

181 2440 320 2514 messis
349 2442 425 2514 duo
458 2441 595 2516 Patres
627 2466 673 2515 ex
704 2440 741 2514 S.
770 2439 965 2514 Francisci
996 2439 1146 2514 familia
1177 2441 1297 2515 altero

183 2596 285 2645 anno
321 2595 368 2644 ex
402 2569 549 2667 Anglia
584 2569 704 2662 missi,
737 2567 900 2667 ingressi
935 2575 1036 2660 sunt,
1073 2570 1163 2668 (99.)
1202 2594 1297 2667 quos

183 2700 286 2773 inter
317 2705 546 2797 nostrosque
577 2723 620 2773 ac
650 2697 944 2773 necessitudinis
976 2697 1097 2772 officia
1128 2697 1168 2770 in
1197 2722 1296 2771 com-

184 2854 302 2902 mune
327 2827 384 2902 rei
410 2827 588 2902 catholici
615 2827 760 2901 bonum
787 2834 922 2901 mutuo
950 2833 1184 2901 exercentur.

233 2958 283 3030 A.
304 2956 351 3030 D.
372 2956 480 3033 1674.
534 2955 672 3030 Missio
698 2963 777 3030 tres
803 2953 940 3029 habuit
966 2953 1097 3047 socios,
1126 2955 1296 3028 sacerdo·

182 3093 241 3160 tes
259 3089 294 3177 2,
313 3084 471 3159 unicum
490 3084 769 3182 coadjutorem:
798 3083 875 3158 Hic
893 3082 1051 3180 quidem
1069 3083 1183 3157 rebus
1202 3089 1297 3156 tem·

184 3214 383 3312 poralibus
423 3213 620 3311 invigilat:
664 3213 823 3289 illorum
858 3238 949 3286 vero
985 3237 1103 3310 opera
1137 3211 1299 3310 triginta

185 3351 350 3442 quatuor
374 3346 423 3418 ad
445 3345 561 3417 fidem
586 3350 624 3417 et
645 3342 858 3416 Ecclesiam
881 3341 1120 3415 Catholicam
1142 3342 1298 3416 adducti

185 3480 286 3547 sunt.
340 3466 534 3570 Baptizati
553 3471 622 3584 75.
676 3470 943 3546 Confessiones
971 3495 1057 3567 gen.
1087 3477 1231 3568 except.
1262 3471 1296 3548 7.

236 3602 285 3675 A.
306 3602 354 3675 D.
380 3601 488 3694 1675.
552 3600 735 3675 Proximo
764 3605 926 3674 exeunte
960 3600 1162 3673 Autumno
1198 3626 1298 3675 novo

185 3728 421 3803 incremento
457 3735 568 3802 aucta
598 3736 657 3803 est
687 3727 861 3827 [Missio]
895 3734 1060 3825 quatuor
1088 3727 1297 3821 Sociorum,

187 3860 353 3931 duorum
381 3858 632 3931 sacerdotum
661 3882 810 3954 nempe,
838 3856 1077 3954 totidemque
1105 3859 1297 3955 coadjuto-

186 4012 274 4061 rum
315 3985 380 4085 qui
418 3987 489 4060 sub
525 3988 642 4060 finem
679 3985 853 4062 Octobris
891 4012 978 4060 cum
1017 3985 1140 4085 Regia
1179 3989 1299 4064 classo

186 4113 365 4189 Londino
400 4115 610 4208 solverunt,
648 4141 743 4213 quos
785 4141 918 4189 omnes
958 4114 1086 4190 salvos
1121 4124 1159 4190 et
1197 4117 1298 4192 inco·

185 4243 309 4316 lumes
341 4244 390 4316 ad
421 4268 485 4316 eas
521 4268 608 4316 oras
639 4243 837 4340 appulisse
869 4269 915 4317 ex
945 4242 1069 4317 literis
1105 4245 1149 4318 P.
1180 4246 1296 4321 Fran.

186 4371 434 4469 Pennington
471 4371 698 4469 accepimus,
739 4372 805 4470 qui
846 4379 977 4446 tamen
1019 4373 1197 4466 affirmat,
1233 4375 1298 4449 So·
