3348 5346
833 466 907 542 108

355 688 367 754 l
372 687 423 765 11.)
441 687 475 747 l‘.
490 689 537 746 45.
554 731 561 746 .
578 733 584 746 .
601 685 834 746 .Nobilissimus
850 685 943 744 Pater
958 727 964 744 .
982 730 989 744 .
1006 729 1013 744 .
1030 683 1123 744 Pater
1136 683 1241 744 cecilii
1256 683 1313 741 fuit
1332 681 1426 742 Geor·

313 799 380 874 gius
397 797 527 870 Calrert,
543 803 631 856 natus
647 815 725 855 anuo
749 797 827 856 1582
850 794 1025 874 (Ramsay)
1068 795 1100 854 Is
1121 796 1220 854 fuerat
1238 794 1387 854 secundus
1408 795 1427 850 1

313 908 435 968 11111111
450 908 577 967 Roberti
594 907 686 980 Cecil,
702 907 754 984 qui
773 911 879 984 postea
894 906 989 965 erasit
1002 906 1117 983 primus
1138 905 1291 964 1111111111
1313 904 1334 964 1
1338 903 1426 961 oeolri

316 1019 429 1078 Ildum
451 1019 514 1097 ipse
531 1019 680 1096 Georgius
695 1035 728 1078 se
743 1019 943 1078 acatholicum
958 1019 997 1077 ad
1017 1018 1073 1077 hoc
1087 1017 1278 1095 profiteretur
1294 1014 1425 1094 1111111111

314 1130 418 1208 Emp.)
447 1130 599 1188 Incertum
614 1147 674 1206 quo
685 1135 819 1205 tempore
835 1127 940 1186 haeresi
950 1128 1137 1200 valedixerit,
1150 1135 1182 1187 at
1196 1133 1315 1186 constet
1330 1126 1425 1202 (Boz-

313 1242 396 1318 mau)
413 1258 480 1300 euru
491 1258 569 1298 anno
583 1242 668 1311 1621,
681 1239 771 1298 fuisse
783 1241 801 1297 1.
811 1239 959 1316 primariis
972 1239 1073 1316 Regni
1085 1240 1214 1311 secretis,
1225 1237 1424 1314 licetpublice

313 1350 501 1410 catholicum.
545 1349 624 1408 Eum
639 1348 762 1425 insuper
776 1355 909 1407 creatum
925 1350 942 1406 a
956 1348 977 1408 J
980 1367 1023 1407 ae.
1039 1351 1064 1406 l.
1101 1347 1290 1425 Topareham
1306 1347 1421 1425 (bord)

313 1459 487 1518 Baltimorae
502 1458 532 1514 in
549 1457 714 1534 Hybernit,
730 1457 808 1515 circat
823 1475 848 1516 a.
867 1459 945 1517 1623
966 1464 996 1516 11
1013 1458 1140 1516 electum
1156 1459 1194 1515 ab
1216 1457 1423 1517 Universitate

314 1568 478 1628 Oxonieusi
494 1568 626 1644 legatum
638 1569 701 1643 ejus
716 1567 755 1626 ad
769 1568 856 1644 regni
870 1568 992 1626 comitia
1007 1587 1056 1628 an.
1072 1571 1158 1628 1624.
1206 1568 1298 1646 (Β111.
1317 1569 1421 1645 Emp.)

314 1677 403 1740 Prius
419 1697 497 1752 vero,
513 1697 580 1738 oum
596 1681 660 1754 jam
682 1679 822 1738 Puritani
836 1679 868 1736 in
882 1697 989 1738 noram
1007 1679 1153 1756 Angliam
1168 1679 1372 1755 emigrassent,
1389 1686 1424 1738 ut

312 1791 550 1868 persecutionem
565 1793 625 1866 qut
638 1789 833 1863 vexabantur,
849 1791 997 1867 fugerent,
1012 1790 1076 1867 ipse
1092 1791 1196 1850 eodem
1212 1797 1296 1849 aetus
1311 1791 1422 1848 motivo

314 1906 345 1960 ot
369 1901 498 1959 donatus
524 1917 542 1956 a
567 1897 654 1974 Rege
679 1897 868 1974 amplissimis
892 1899 1013 1976 prediis
1044 1899 1074 1956 in
1103 1899 1201 1957 insula
1225 1905 1313 1958 terrae
1338 1916 1422 1956 nova

315 2007 586 2088 (Neufoundland)
603 2005 672 2064 illire
686 2006 818 2064 colonios
832 2006 994 2066 catholicos
1009 2007 1222 2081 transmiserat,
1239 2026 1317 2066 anno
1335 2009 1421 2078 1621,

273 2086 282 2102 ⁰
313 2119 423 2197 quibus
437 2121 566 2194 praerat
585 2115 717 2174 Edward
731 2115 859 2192 Wynne.

354 2226 443 2286 01101
459 2243 568 2284 aunum
591 2227 678 2297 11125,
700 2225 807 2284 statuit
828 2225 948 2284 colonos
969 2226 1104 2300 invisere,
1126 2227 1194 2304 plus
1218 2245 1303 2303 aequo
1328 2228 1423 2286 fidens

313 2335 453 2395 laudibus
478 2335 563 2412 queis
587 2335 739 2410 regionem
762 2335 926 2394 extollebat
951 2335 1091 2408 Edward,
1115 2336 1216 2412 illbeq.
1244 2354 1367 2395 uxorem
1393 2342 1424 2396 11

313 2445 411 2522 proles
426 2445 560 2504 deduxit.
612 2443 721 2503 Sedem
740 2444 863 2503 coloniae
879 2445 1042 2521 appellavit
1055 2447 1185 2519 Avalon,
1203 2449 1309 2524 (prope
1324 2465 1422 2506 arcem

315 2554 489 2630 Ferryland,
506 2554 584 2612 inter
599 2553 665 2629 Bay
680 2553 713 2611 of
733 2554 816 2612 Bulls
838 2554 876 2613 ad
899 2555 1051 2628 orientem,
1068 2563 1098 2614 et
1113 2574 1186 2634 eope
1202 2557 1242 2616 Sl·
1255 2557 1368 2634 Mary’s
1384 2558 1423 2616 ad

314 2665 492 2738 meridiem)
508 2664 713 2741 probabiliter,
729 2664 772 2722 ait
793 2666 920 2741 scriptor
941 2667 1134 2743 geographiae
1154 2668 1268 2727 British
1290 2668 1422 2746 Empire,

312 2778 342 2835 in
350 2775 570 2835 venerationem
583 2771 630 2833 8¹¹·
640 2775 660 2833 J
665 2774 767 2851 osephi
783 2775 821 2832 ab
833 2776 1017 2846 Arimathea,
1030 2778 1081 2854 qui
1091 2779 1186 2837 fertur
1196 2779 1322 2855 primam
1332 2779 1424 2838 ecele-

312 2887 387 2944 siam
402 2903 456 2962 pro
471 2883 619 2943 conversis
634 2885 652 2941 11
666 2902 696 2942 11
714 2884 866 2942 Britannis
882 2886 1043 2944 aedificasse
1062 2888 1092 2944 in
1107 2887 1237 2960 Avalon,
1252 2888 1317 2946 loeo
1332 2906 1422 2964 quem

311 2993 400 3052 hodie
415 2998 523 3050 vocant
539 2991 750 3066 Glossenbury,
763 2991 793 3048 iu
810 2992 1049 3054 Somersetshire.
1095 2996 1200 3054 Iterim
1212 2997 1336 3054 moritur
1352 2997 1422 3056 Rex

313 3103 448 3163 Jacobus
470 3121 518 3159 an.
544 3103 638 3160 1625:
668 3108 699 3160 et
720 3102 869 3178 Georgius
890 3111 1035 3179 pertaesus
1058 3106 1189 3182 regionis
1215 3123 1328 3183 asperae
1354 3125 1421 3184 quae

313 3213 490 3272 fecunditati
506 3213 544 3270 ab
567 3211 717 3270 Eduardo
738 3212 864 3288 depictae
886 3231 944 3272 non
966 3216 1175 3292 respondebat,
1196 3215 1261 3275 crim
1278 3219 1422 3279 audiisset

314 3323 486 3400 Virginiam
510 3323 600 3398 longa
625 3322 790 3380 uberiorem
820 3341 891 3396 esse,
918 3324 994 3384 hanc
1023 3327 1178 3403 explorare
1207 3328 1346 3401 decrevit,
1373 3348 1419 3390 au.

205 3472 208 3477 -
316 3437 401 3492 1628.
446 3432 595 3510 (llozmun
610 3449 647 3489 ex
662 3431 754 3504 Burk,
770 3432 838 3492 hist.
854 3432 959 3510 Virg)

355 3652 413 3709 His
428 3657 505 3709 most
519 3650 617 3709 Noble
633 3651 746 3709 Father
799 3651 863 3710 The
885 3653 981 3711 father
996 3654 1029 3712 01
1048 3654 1130 3715 Cecil
1145 3674 1205 3715 was
1221 3657 1338 3734 George
1355 3658 1423 3718 Cal-

313 3768 386 3833 vert,
402 3760 475 3818 born
498 3761 529 3817 in
550 3760 601 3818 the
622 3779 692 3836 year
716 3763 801 3820 1582.
849 3763 1024 3841 (Ramsay.)
1069 3766 1119 3825 Π1
1140 3767 1200 3826 had
1221 3768 1296 3826 been
1311 3772 1421 3830 second

313 3875 462 3943 secretary
477 3868 510 3925 of
529 3867 646 3926 Robert
662 3869 752 3941 Oecil,
769 3869 833 3928 wlro
856 3871 1028 3931 afterwards
1047 3873 1168 3934 became
1188 3876 1252 3936 lirst
1273 3886 1422 3956 secretary

313 3981 347 4039 01
364 3980 467 4038 dames
488 3977 538 4036 the
562 3978 651 4052 First,
668 3979 754 4038 while
775 3980 893 4057 Georgo
915 3982 1035 4042 himself
1052 3985 1113 4044 had
1133 3986 1264 4050 hitherto
1282 3989 1422 4049 deelared

313 4089 381 4148 that
394 4089 432 4147 he
447 4105 506 4145 was
529 4094 582 4146 not
603 4107 620 4146 a
643 4089 789 4149 Catholio.
834 4091 963 4164 (British
978 4093 1125 4173 Empire)
1168 4096 1200 4154 It
1221 4096 1245 4156 is
1265 4101 1421 4158 uncertain

315 4206 347 4256 at
362 4197 441 4256 what
455 4197 526 4255 time
541 4195 578 4254 he
599 4215 675 4273 gave
697 4216 737 4274 up
758 4198 804 4256 his
826 4198 938 4276 heresy,
954 4201 1009 4260 but
1029 4202 1053 4260 it
1074 4203 1099 4262 is
1121 4205 1241 4265 evident
1256 4206 1421 4286 (Bozmun)

314 4307 806 4384 thatintheyear.1621,hewas
827 4309 878 4368 the
901 4310 964 4370 first
984 4319 1134 4390 secretary
1148 4315 1182 4374 01
1196 4315 1246 4375 the
1268 4317 1422 4394 kingdom,
1487 4343 1494 4347 ·

315 4417 460 4495 although
483 4417 635 4494 avowedly
650 4435 667 4474 a
683 4417 830 4478 Catholie.
874 4419 947 4477 And
968 4419 1095 4493 besides,
1114 4422 1182 4482 that
1201 4423 1239 4484 he
1254 4443 1314 4484 was
1335 4429 1423 4492 made
