3348 5346
772 545 785 556 ·
813 513 862 583 32

285 791 367 840 rem
391 764 562 840 breviter
587 765 727 840 saltem
752 765 954 862 attingere.
1008 765 1095 839 Hoc
1119 790 1220 838 anno
1247 761 1403 862 praefari

286 901 418 969 tamen
437 919 500 968 me
519 900 672 992 oportet
690 918 783 986 esse,
799 892 944 967 scilicet
961 892 1087 968 hocin
1105 918 1214 967 more
1231 891 1402 990 positum

285 1022 539 1120 institutoque
563 1022 853 1096 Catholieorum
881 1021 948 1120 qui
977 1020 1269 1121 Marylandiam
1300 1020 1400 1093 inco·

285 1151 382 1243 lunt,
411 1158 455 1225 ut
484 1157 567 1224 tota
598 1156 707 1224 nocte
734 1152 799 1225 312>
819 1149 928 1242 Julii,
951 1149 1054 1224 diem
1083 1151 1121 1223 S.
1149 1147 1295 1246 Ignatii
1323 1173 1400 1220 me·

286 1278 411 1354 moria
429 1302 582 1352 sacrum
601 1285 868 1376 consequente,
887 1278 984 1351 festo
1002 1284 1286 1352 tormentorum
1308 1301 1401 1349 sono

287 1405 452 1481 Praesidi
470 1431 540 1480 suo
559 1403 718 1479 tutelari
737 1412 776 1479 et
799 1405 969 1480 Patrono
989 1405 1128 1479 Sancto
1146 1405 1401 1502 gratulentur.

287 1535 404 1607 Anno
440 1533 572 1631 itaquo
608 1534 716 1624 1646,
748 1532 918 1606 solennis
949 1532 1009 1606 sui
1044 1532 1165 1606 moris
1200 1556 1401 1622 memores,

287 1673 441 1764 peracto
468 1663 733 1740 anniversario
761 1663 829 1737 Sti.
853 1663 982 1737 Patris
1010 1661 1083 1756 die,
1106 1663 1224 1738 etiam
1251 1667 1401 1736 noctem

288 1793 462 1890 ejusdem
487 1791 729 1866 venerationi
755 1791 938 1865 continua
962 1797 1247 1865 tormentorum
1273 1789 1401 1888 explo-

288 1921 395 1996 sione
424 1919 593 1995 dicatam
624 1921 793 1994 voluere.
847 1920 922 1993 Illo
950 1927 1126 2018 tempore
1156 1919 1197 1993 in
1227 1917 1402 1993 confiniis

288 2049 362 2123 loci
396 2049 554 2148 quidem
590 2048 735 2122 milites
770 2049 947 2146 agebant,
979 2051 1070 2148 (95.)
1104 2048 1233 2146 reipsa
1266 2047 1401 2145 injusti

289 2181 503 2276 praedones,
522 2203 662 2275 genere
680 2177 813 2275 Angli,
833 2178 940 2251 cultu
960 2177 1194 2271 heteredoxi,
1213 2177 1279 2276 qui
1301 2202 1402 2251 anno

288 2307 486 2406 superiore
508 2307 672 2381 navibus
697 2308 848 2383 advecti
872 2309 1074 2383 Coloniam
1097 2310 1176 2384 fere
1197 2317 1320 2384 totam
1342 2334 1401 2382 ar·

288 2436 363 2510 mis
398 2436 632 2528 invaserant,
670 2434 923 2532 diripuerant,
955 2436 1223 2529 incenderant;
1262 2437 1402 2511 deinde

289 2565 550 2640 sacerdotibus
582 2564 767 2657 abductis,
794 2565 879 2663 ipso
911 2566 1029 2640 etiam
1061 2567 1330 2641 Gubernatore
1361 2566 1401 2639 in

288 2693 447 2767 exilium
473 2693 597 2790 pulso,
625 2691 666 2765 in
693 2691 876 2766 miseram
904 2693 1132 2768 servitutem
1159 2696 1401 2792 redegerant.

289 2820 355 2894 llli
379 2820 420 2893 in
444 2820 545 2894 Arce
569 2821 737 2918 quadam
761 2820 923 2913 munita,
944 2821 1178 2895 defensionis
1203 2822 1264 2895 sui
1288 2824 1403 2895 causat

289 2953 471 3038 extructa,
490 2946 717 3043 praesidium
735 2947 940 3040 habebant,
959 2947 1129 3046 quinque
1147 2948 1298 3024 circiter
1315 2949 1401 3023 mil·

289 3074 391 3148 libus
409 3099 594 3171 passuum
613 3099 635 3147 a
656 3074 806 3148 coeteris
829 3075 971 3150 dissiti:
1001 3077 1069 3150 sed
1090 3101 1192 3150 nunc
1213 3084 1401 3151 nocturno

289 3203 590 3277 bombardorum
619 3202 770 3300 fragore
796 3203 920 3294 exciti,
948 3203 1146 3301 postridie,
1171 3204 1212 3279 id
1238 3213 1297 3280 est
1324 3205 1400 3303 pri·

290 3356 353 3404 mo
389 3329 558 3427 Augusti
594 3330 666 3423 die,
702 3356 789 3404 cum
825 3331 944 3405 armis
986 3333 1182 3426 advolant,
1218 3333 1259 3407 in
1300 3336 1401 3408 aedes

291 3459 577 3533 Catholicorum
617 3459 851 3557 irrumpunt,
894 3468 932 3534 et
972 3461 1163 3559 quidquid
1204 3487 1401 3536 armorum

292 3597 359 3664 aut
393 3589 527 3664 nitrati
561 3589 734 3687 pulveris
769 3590 985 3683 inveniunt,
1022 3591 1226 3689 diripiunt.
1305 3593 1402 3667 Cum

291 3721 449 3794 tandem
476 3718 683 3816 aliquando
711 3721 921 3816 praedando
948 3721 1065 3793 finem
1091 3719 1281 3813 fecissent,
1302 3721 1401 3818 jam-

292 3873 366 3947 que
406 3846 555 3921 abitum
595 3848 840 3938 adornarent,
877 3873 976 3921 unus
1017 3873 1063 3922 ex
1097 3847 1176 3921 illis
1216 3849 1403 3946 gregoriae

293 3975 407 4050 sortis
435 3973 652 4065 homuncio,
680 3981 718 4048 et
746 3999 877 4048 scurra
904 4000 981 4049 non
1008 3982 1162 4049 tuntum
1189 3976 1401 4069 illiberalis,

292 4105 360 4179 sed
386 4102 504 4178 etiam
530 4102 792 4198 blasphemus,
815 4128 931 4177 ausus
958 4110 1016 4176 est
1041 4103 1104 4177 vel
1131 4102 1261 4202 ipsum
1289 4105 1402 4203 Igna·

291 4234 391 4308 tium
426 4230 539 4305 foedis
580 4230 760 4322 dicteriis
796 4232 971 4329 tactoque
1011 4233 1173 4307 foediore
1207 4215 1403 4308 lacessere.

294 4365 341 4438 ln
377 4361 525 4435 malum
560 4385 721 4452 crucem,
751 4360 888 4458 inquit,
918 4361 1020 4435 abite
1056 4361 1237 4459 Papistae,
1266 4362 1405 4461 quibus
