3348 5346
752 496 801 567 ‘25

217 753 332 821 antea
356 747 447 842 dixi,
473 749 740 847 Sesquehanni
767 776 814 825 ex
834 751 988 827 insidiis
1010 779 1099 828 eum
1120 753 1333 852 improviso

218 875 459 970 adoriuntur,
486 877 674 976 hastaque
709 904 756 952 ex
790 878 896 977 ligno
932 880 1081 955 locusta
1115 881 1215 957 dicto
1244 881 1335 956 forti

218 1013 257 1080 et
287 1006 375 1099 levi,
404 1032 450 1081 ex
478 1032 553 1105 quo
583 1032 693 1081 arcus
724 1032 813 1081 suos
841 1007 998 1101 faciunt,
1025 1009 1150 1084 ferrea
1177 1009 1335 1107 cuspide

220 1135 396 1233 oblonga,
417 1136 464 1210 de
488 1135 608 1209 latere
634 1134 675 1208 in
700 1135 813 1227 latus,
834 1137 968 1211 dextro
990 1136 1134 1211 scilicet
1154 1137 1195 1210 in
1222 1137 1332 1211 sinis-

218 1270 324 1338 trum
352 1289 427 1338 uno
454 1264 597 1362 palmo,
620 1265 692 1338 sub
718 1263 837 1338 axilla
862 1290 984 1363 prope
1007 1265 1137 1364 ipsum
1158 1292 1223 1340 cor
1248 1291 1357 1364 pers

219 1393 382 1486 fodiunt,
409 1393 599 1468 foramine
633 1393 814 1492 utrinque
849 1396 946 1468 duos
977 1393 1119 1492 digitos
1149 1396 1259 1488 latos,
1287 1421 1333 1470 ex

219 1547 294 1620 quo
325 1547 413 1596 cum
441 1523 557 1598 homo
586 1521 713 1598 subito
742 1529 946 1616 corrueret,
971 1522 1118 1597 inimici
1146 1524 1333 1622 ocyssime

219 1651 384 1750 fugiunt,
404 1651 517 1726 amici
540 1659 681 1745 autem,
704 1651 770 1750 qui
794 1659 1071 1750 processerant,
1094 1655 1185 1752 (86.)
1207 1653 1331 1751 inopi·

219 1788 310 1855 nato
339 1781 506 1880 strepitu
535 1789 573 1856 et
603 1782 769 1856 clamore
796 1781 976 1874 revocati,
1003 1784 1176 1875 redeunt,
1205 1783 1330 1857 subla·

218 1917 378 2007 tumque
404 1935 425 1983 e
451 1916 555 1984 terra
579 1911 629 1984 ad
653 1934 803 2001 navem,
823 1933 910 2006 quae
932 1933 1008 1983 non
1031 1909 1165 2006 procul
1187 1911 1330 2003 aberat,

216 2037 382 2136 indeque
407 2040 567 2113 domum
591 2063 702 2112 suam
727 2037 936 2112 Piscatavii
962 2040 1149 2132 deferunt,
1169 2065 1212 2114 ac
1236 2039 1329 2114 elin·

216 2193 332 2265 guem
359 2175 398 2242 et
421 2168 565 2265 absque
589 2192 705 2242 sensu
728 2166 965 2264 relinquunt.
1020 2168 1078 2242 Re
1104 2168 1255 2266 perlata
1281 2171 1331 2244 ad

217 2295 423 2388 P.Vitum,
443 2295 509 2394 qui
531 2320 652 2394 prope
673 2296 772 2370 forte
796 2296 938 2389 aberat,
958 2296 991 2370 is
1014 2304 1196 2395 sequente
1217 2323 1331 2372 manc

216 2422 391 2515 accurrit,
418 2422 692 2521 hominemque
721 2422 868 2520 reperit
892 2424 976 2520 jam
1011 2449 1081 2521 pro
1112 2425 1258 2500 foribus
1289 2425 1330 2499 in

216 2559 343 2626 storea
373 2577 494 2650 prope
521 2554 648 2626 focum
677 2552 908 2651 depositum,
936 2560 975 2627 et
1002 2578 1142 2628 corona
1169 2555 1329 2652 popula-

216 2681 319 2756 rium
350 2708 509 2756 suorum
540 2681 724 2774 cinctum3
757 2707 834 2757 non
863 2682 1020 2780 quidem
1049 2683 1205 2757 omnino
1235 2683 1328 2758 elin·

215 2837 342 2908 guem,
362 2812 424 2885 vel
446 2811 529 2886 sine
551 2837 677 2904 sensu,
697 2819 740 2886 ut
760 2811 897 2909 pridie,
917 2813 985 2886 sed
1009 2819 1174 2885 mortem
1199 2811 1328 2885 certis·

216 2940 356 3014 simam
391 2940 431 3013 in
467 2947 664 3015 momenta
698 2965 796 3038 pene
831 2939 986 3038 singula
1014 2939 1263 3038 operientem,
1292 2949 1330 3016 et

216 3094 308 3143 voce
332 3068 488 3166 lugubri
513 3093 698 3143 unacum
723 3068 857 3142 amicis
883 3068 1099 3143 astantibus
1126 3070 1184 3167 (ut
1209 3070 1329 3144 moris

216 3205 275 3272 est
295 3197 539 3295 praeclariore
560 3197 762 3273 hominum
785 3198 949 3272 istorum
970 3198 1208 3296 genoricum
1226 3209 1328 3275 certo

215 3327 426 3400 creduntur
453 3325 649 3425 morituri)
681 3332 895 3400 canentem.
948 3325 1008 3399 Ex
1036 3325 1169 3400 amicis
1198 3335 1328 3402 autem

217 3453 337 3551 aliqui
385 3460 497 3527 erant
537 3452 759 3546 Christiani,
801 3478 951 3551 voxque
996 3453 1164 3546 illorum,
1211 3480 1327 3552 quam

217 3581 360 3656 musice
384 3581 552 3680 quidem,
572 3584 639 3657 sed
663 3589 798 3656 maesto
821 3581 925 3656 vocis
949 3582 1052 3656 flexu
1075 3583 1326 3658 modulaban-

215 3718 291 3803 tur,
310 3736 355 3784 ea
376 3717 475 3802 erat3
502 3709 612 3784 vivat
630 3711 746 3803 Deus,
766 3709 798 3783 si
820 3709 875 3784 ita
893 3710 964 3784 tibi
988 3711 1175 3808 placitum
1193 3713 1325 3788 fuerit:

217 3823 377 3936 eamque
398 3837 602 3913 identitem
625 3838 862 3935 repetebant.
916 3837 1047 3912 Donec
1071 3839 1188 3914 Pater
1211 3840 1326 3914 mori·

216 3966 391 4041 bundum
415 3965 526 4040 affari
555 3967 843 4064 aggrederetur:
872 3965 939 4063 qui
966 3966 1123 4040 Patrem
1149 3967 1327 4064 protinus

215 4095 384 4192 agnovit,
407 4093 517 4192 eique
541 4093 704 4168 vulnera
730 4118 800 4166 sua
824 4093 1007 4168 ostendit:
1036 4095 1143 4191 cujus
1168 4096 1326 4170 Patrem

215 4222 450 4320 magnopere
471 4220 694 4295 miserebat:
723 4245 859 4294 verum
878 4246 965 4294 cum
983 4222 1203 4296 adverteret
1226 4223 1325 4320 peri-

215 4353 344 4428 culum
371 4351 717 4450 praesentissimum
743 4376 835 4441 csse,
859 4349 1011 4424 omissis
1036 4350 1134 4442 aliis,
1156 4352 1326 4427 breviter
