3348 5346
858 515 959 588 12γ

328 775 495 868 ablutus,
532 777 582 851 ad
616 781 783 850 mortem
818 799 858 849 se
899 775 1158 872 comparabat,
1195 798 1238 848 eo
1274 771 1443 846 maxime

330 907 458 998 mod0‚
486 903 553 1002 qui
581 903 657 1001 ipsi
688 903 1020 1002 praescribebatur.
1074 904 1127 976 Et
1152 927 1243 977 vero
1271 909 1353 976 tam
1380 926 1443 974 ve·

330 1033 502 1108 hementi
531 1034 658 1107 Deum
680 1031 839 1108 videndi
866 1031 1056 1107 desiderio
1080 1030 1203 1106 teneri
1227 1031 1443 1121 videbatur,

333 1170 376 1238 ut
402 1161 637 1261 supplicium
664 1161 855 1236 maturari
881 1161 1013 1260 paullo
1038 1160 1192 1236 avidius
1214 1186 1303 1235 eum
1324 1158 1443 1233 credi-

333 1292 466 1367 disses.
520 1289 675 1365 Eximia
703 1289 743 1364 in
771 1315 836 1365 ore
864 1289 1042 1364 alacritas
1070 1289 1280 1380 eminebat3
1312 1289 1444 1362 crebro

333 1421 495 1496 salutari
530 1421 651 1496 crucis
687 1421 797 1519 signo
833 1447 873 1496 se
908 1421 1123 1514 muniebat3
1160 1446 1261 1518 saepe
1297 1444 1444 1493 asseve-

332 1556 465 1625 ranter
491 1551 701 1647 repetebat,
724 1575 976 1648 quaecumquc
1003 1550 1065 1624 vel
1091 1551 1232 1624 iaceret
1257 1549 1320 1622 vel
1348 1547 1445 1622 dice-

333 1685 393 1752 ret
421 1703 498 1751 non
527 1679 577 1752 ad
608 1677 774 1776 speciem
802 1685 956 1753 tantum
980 1679 1065 1752 ficte
1094 1677 1282 1770 simulari,
1305 1678 1373 1751 sed
1401 1701 1448 1750 ex

334 1805 474 1880 intimo
510 1804 632 1878 animi
674 1831 791 1880 sensu
832 1832 874 1880 ac
913 1806 997 1880 sino
1038 1803 1237 1904 proficisci.
1307 1804 1364 1878 Ut
1398 1805 1448 1876 ad

335 1936 516 2035 supplicii
546 1937 674 2010 locum
705 1944 936 2035 perventum
964 1943 1032 2029 est,
1059 1935 1176 2010 hilari
1202 1935 1316 2008 vultu
1345 1957 1446 2031 quae·

336 2065 429 2140 sivit
455 2091 503 2139 an
531 2062 605 2138 sibi
631 2064 672 2138 in
699 2065 806 2139 obitu
832 2067 1048 2140 canendum
1075 2071 1185 2156 esset,
1212 2070 1364 2138 etcum
1390 2087 1447 2135 re·

336 2218 524 2291 sponsum
543 2195 712 2286 daretur,
732 2195 981 2268 sacrosancta
999 2194 1024 2267 J
1026 2219 1094 2268 esu
1112 2200 1150 2268 et
1168 2192 1307 2267 Mariae
1326 2190 1447 2265 nomi-

337 2350 388 2398 na
414 2323 543 2422 potius
564 2323 628 2421 pie
653 2326 888 2422 usurpanda
911 2349 975 2398 eos
1000 2323 1073 2398 sibi
1099 2323 1140 2397 in
1165 2347 1346 2420 supremo
1374 2320 1449 2395 dis·

337 2452 498 2527 crimine
524 2452 765 2551 propitiaret,
788 2453 1035 2528 monentibus
1059 2452 1190 2551 paruit
1215 2451 1393 2549 impigre,
1413 2456 1452 2524 et

338 2584 473 2656 eodem
500 2583 578 2656 fere
605 2589 802 2677 momento
829 2589 867 2657 et
888 2583 1010 2657 vitam
1035 2590 1074 2658 et
1098 2582 1183 2681 pias
1207 2607 1330 2675 voces
1352 2607 1450 2680 prae·

338 2712 516 2786 eludente
558 2711 740 2809 spiritum
782 2712 1001 2810 suspendio,
1040 2712 1200 2787 dimisit.
1269 2711 1452 2786 Mortuus

339 2839 380 2914 in
399 2840 615 2914 caemeterio
635 2847 766 2914 nostro
789 2841 973 2915 humatus
995 2848 1054 2915 est
1074 2841 1153 2916 ritu
1175 2867 1292 2938 quam
1313 2841 1452 2914 solem·

341 2969 512 3062 nissimo,
540 2976 583 3043 ut
610 2970 672 3043 vel
708 2969 798 3044 inde
833 2971 1096 3069 intelligerent
1130 2971 1306 3064 Barbari,
1335 2971 1452 3045 male·

340 3098 499 3170 ficorum
527 3095 617 3170 licet
645 3097 789 3171 scelera
817 3105 1048 3192 execrantes,
1076 3098 1226 3172 meritis
1255 3124 1299 3172 ea
1326 3097 1454 3196 poenis

341 3223 539 3298 vindicent
574 3224 795 3317 Christiani,
824 3251 957 3301 eorum
997 3234 1128 3302 tamen
1164 3227 1314 3300 animas
1348 3226 1455 3324 ipsos

343 3354 477 3426 charas
508 3353 660 3445 habere,
687 3354 872 3452 facileque
900 3355 979 3429 illis
1010 3355 1205 3430 conciliari
1237 3355 1269 3429 si
1300 3356 1454 3453 quando

343 3480 582 3578 resipiscant.
646 3482 698 3556 Et
732 3483 833 3556 certe
867 3484 1091 3582 hujusmodi
1127 3483 1348 3581 exemplum
1382 3483 1454 3557 cle·

345 3609 501 3683 montiae
523 3617 561 3683 et
578 3610 776 3684 charitatis
799 3612 889 3710 (71.)
912 3613 952 3685 in
972 3614 1194 3686 defunctum
1215 3619 1324 3686 tanto
1343 3613 1455 3686 vehe-

346 3737 514 3811 mentius
549 3763 613 3812 eos
648 3739 823 3836 perculit,
851 3747 995 3838 quanto
1031 3742 1080 3815 ab
1115 3765 1249 3815 eorum
1283 3739 1457 3814 moribus

347 3867 579 3940 abhorrebat
608 3867 743 3965 magis,
773 3868 839 3966 qui
871 3869 1057 3943 nimirum
1088 3870 1218 3943 hostes
1250 3893 1338 3942 suos
1373 3893 1455 3942 cru·

348 3992 544 4068 delissime
571 4001 758 4068 mactatos
785 3995 918 4069 amicis
947 3997 1073 4070 solent
1100 3996 1313 4094 epulandos
1340 4020 1457 4093 appo-

349 4148 451 4196 nere.

416 4253 541 4326 Nemo
582 4259 713 4326 tamen
752 4253 899 4352 Tayaco
935 4254 1203 4328 vehementius
1244 4253 1459 4352 spectaculo

350 4384 535 4483 neophyti
580 4383 781 4458 morientis
826 4391 1040 4458 commotus
1085 4383 1169 4475 fuit,
1211 4383 1355 4482 quippe
1395 4382 1462 4481 qui
