3402 5360
832 523 883 599 30

302 738 454 814 ulmum
485 741 665 839 adaequat
695 738 976 838 magnitudine,
1010 740 1150 838 apibus
1180 739 1262 815 tam
1291 743 1415 837 grata,

304 873 348 942 ut
371 868 627 945 libentissime
651 867 711 944 illi
737 870 846 944 favos
875 893 964 945 suos
992 869 1206 969 implicent.
1261 868 1356 961 Mel,
1384 866 1417 941 si

305 1022 446 1074 nomen
464 998 655 1074 silvestris
674 1002 818 1092 demas,
839 1023 964 1097 neque
982 999 1118 1092 colore,
1138 1024 1263 1097 neque
1281 1021 1418 1095 sapore

305 1129 328 1203 a
357 1127 567 1227 purissimo
595 1131 699 1228 quod
727 1127 883 1227 gustavi
911 1128 1027 1203 melle
1055 1128 1196 1204 differt.
1250 1129 1418 1202 Fructus

303 1258 432 1353 etiam,
461 1259 638 1336 Locustae
665 1283 804 1335 nomen
831 1259 1014 1352 retinens,
1033 1259 1074 1334 in
1102 1258 1251 1335 duriori
1278 1257 1418 1334 cortice

302 1414 370 1466 sex
416 1389 607 1482 fabarum,
652 1387 804 1487 siliquis
847 1387 945 1486 pari,
987 1387 1202 1464 medullam
1246 1385 1418 1462 continet

301 1517 471 1611 mollem,
491 1519 559 1593 sed
584 1523 769 1610 tenacem,
797 1523 915 1615 gustu
941 1497 1078 1592 farinae
1105 1516 1273 1592 similem
1300 1515 1416 1591 melle

301 1645 455 1739 mixtao3
510 1646 660 1722 semina
702 1647 778 1721 fert
824 1645 1103 1744 grandiuscula
1146 1652 1314 1747 quatuor
1348 1643 1413 1719 vel

301 1776 473 1877 quinque
500 1775 638 1852 eoloris
666 1777 858 1869 castanei3
890 1775 1031 1851 horum
1060 1775 1192 1874 aliqua
1215 1782 1330 1851 terrae
1358 1775 1414 1850 in·

300 1909 465 1983 serenda
490 1906 700 2006 asportavi.

350 2038 410 2112 Ao
440 2039 599 2113 taudem
634 2035 725 2112 hino
755 2037 961 2129 solventes,
994 2044 1105 2136 ceput
1135 2037 1239 2134 quod
1273 2040 1415 2110 vocant

300 2166 553 2242 consolationis
582 2165 623 2240 in
654 2165 837 2264 Virginial
871 2164 1080 2259 tenuimus,
1113 2165 1173 2242 27.
1206 2163 1412 2240 Februarii

299 2293 407 2392 pleni
442 2299 560 2388 metu,
592 2320 641 2370 ne
675 2294 771 2394 quid
814 2294 910 2369 mali
949 2294 1061 2370 nobis
1095 2293 1414 2370 machinarentur

300 2422 424 2521 Angli
451 2421 599 2517 incolae,
624 2422 766 2524 quibus
793 2429 925 2498 nostra
949 2423 1140 2522 plantatio
1167 2422 1323 2521 ingrata
1346 2424 1412 2498 ad·

301 2554 461 2631 modum
492 2559 587 2630 erat.
652 2553 813 2628 Litterae
842 2560 974 2629 tamen
1003 2578 1100 2652 quas
1131 2555 1155 2628 a
1186 2553 1293 2652 Rege
1323 2554 1415 2628 etat

300 2708 454 2760 summo
481 2683 623 2782 angliae
645 2690 835 2783 quaestore
854 2685 903 2760 ad
930 2704 1064 2758 earum
1090 2683 1294 2783 regionum
1318 2709 1415 2782 prae·

300 2815 445 2889 fectum
479 2814 709 2906 ferebamus
741 2813 900 2889 valuere
931 2815 981 2888 ad
1016 2813 1227 2911 placandos
1262 2812 1414 2887 animos

302 2949 341 3018 et
370 2968 416 3019 ea
446 2968 533 3042 quae
564 2941 675 3018 nobis
706 2944 822 3042 porrb
853 2941 942 3018 usui
972 2943 1106 3018 futura
1136 2949 1257 3036 erant,
1290 2941 1412 3040 impe·

301 3074 453 3147 tra-uda.
493 3071 709 3170 ,Sperabat
739 3071 843 3147 enim
876 3071 1087 3146 Praefectus
1118 3070 1311 3170 Virginiae
1341 3071 1414 3145 hac

302 3200 573 3277 benevolentia
596 3203 688 3300 erga
713 3199 1008 3295 nos,faoilil1sa
1032 3201 1124 3275 fisco
1152 3199 1285 3299 Regio,
1305 3225 1412 3299 mag·

302 3354 394 3405 nam
426 3329 508 3404 vim
543 3329 618 3405 sibi
649 3329 791 3405 debitae
820 3335 1154 3427 recuperaturum.
1223 3329 1413 3426 Sparsum

301 3459 455 3534 tautum
478 3483 676 3535 rumorem
694 3457 934 3535 nunciabant
959 3459 1171 3533 adventare
1195 3481 1263 3532 sex
1280 3481 1412 3551 naves,

301 3614 389 3687 quae
419 3589 550 3663 omnia
583 3589 655 3663 sub
691 3587 962 3686 Hispanorum
996 3593 1228 3684 potestatem
1263 3585 1412 3684 redige·

301 3724 409 3809 rent3
442 3716 657 3814 indigenae,
685 3741 730 3791 ea
756 3722 926 3814 propter,
946 3739 1079 3791 omnes
1103 3713 1144 3788 in
1171 3712 1291 3788 armis
1318 3738 1413 3808 esse,
