3328 5352
841 461 891 534 56

359 676 393 750 E
412 676 724 752 Protestantibus
748 675 864 769 enim,
884 700 1019 752 omnes
1036 663 1115 751 fere
1133 675 1201 775 qui
1227 675 1299 750 hoc
1318 701 1419 751 anno

309 807 408 882 1638
435 832 482 882 ex
513 806 646 906 anglit
672 812 876 900 venerunt,
906 805 1051 905 aliique
1079 805 1195 881 multi
1224 808 1275 881 ad
1302 806 1419 881 fidem

307 935 483 1012 conversi
508 942 610 1028 sunt,
630 961 718 1010 cum
741 936 776 1009 4.
805 935 928 1010 servis
953 960 1048 1035 quos
1067 935 1108 1010 in
1126 935 1309 1035 virginit
1327 937 1420 1033 (alia

307 1065 418 1164 regni
445 1065 568 1142 nostri
595 1064 770 1162 Colonib)
797 1067 848 1141 ad
876 1089 969 1140 usus
996 1065 1232 1140 necessarios
1259 1065 1420 1141 mercati

308 1222 455 1290 sumus,
474 1204 513 1272 et
531 1195 734 1296 opificibus
761 1195 933 1295 quinque
950 1220 1046 1295 quos
1073 1195 1113 1270 in
1140 1221 1314 1272 mensem
1332 1222 1419 1272 con-

308 1329 443 1404 ductos
469 1327 618 1402 intereat
644 1327 725 1402 Deo
754 1326 894 1402 lucrati
923 1333 1071 1402 suiuus.
1130 1327 1285 1403 Horum
1318 1353 1420 1404 unus

308 1483 385 1534 non
406 1457 474 1533 dib
492 1464 590 1556 post,
609 1481 679 1555 per
697 1461 940 1532 sacramenta
958 1458 1008 1531 ad
1034 1455 1281 1532 moriendum
1300 1459 1419 1556 probb

309 1585 520 1684 dispositus
539 1585 558 1660 b
577 1584 659 1660 vitet
677 1584 851 1660 decessit.
887 1557 1018 1684 Atrine
1036 1583 1077 1659 in
1096 1585 1158 1660 his
1176 1585 1335 1685 quidem
1353 1586 1420 1660 vix

308 1715 522 1814 ¹quidquem
558 1716 747 1813 praetered
781 1715 1033 1791 memorabile
1067 1715 1253 1815 contigit:
1294 1718 1419 1816 magis

308 1843 578 1920 memorabilia
604 1852 696 1920 sunt
716 1869 804 1943 quae
830 1852 1057 1943 sequnntur.
1368 1947 1370 1952 Ι

359 1973 527 2064 Quidem
557 1973 668 2050 nobis
696 1974 811 2073 plane
839 1973 1007 2073 ignotus
1032 1977 1100 2048 sed
1126 1973 1167 2048 in
1195 1974 1417 2050 Protestan·

307 2103 408 2180 tium
422 2102 610 2203 religione
628 2105 792 2198 fervens,
808 2106 914 2202 apud
931 2103 1125 2202 hospitem
1143 2104 1417 2181 ferventiorem

309 2259 542 2326 emmeram,
558 2234 607 2308 ab
625 2258 763 2332 angue,
779 2258 946 2333 quarum
964 2232 1026 2308 his
1044 2231 1085 2307 in
1104 2233 1283 2332 partibus
1298 2235 1418 2333 copie,

309 2387 471 2456 morsus
492 2369 724 2462 praesentem
751 2369 916 2438 mortem
934 2363 1203 2461 exspectabat;
1231 2366 1335 2462 quod
1361 2364 1420 2438 in·

308 2492 489 2592 telligens
514 2518 615 2569 unus
633 2517 680 2568 ex
705 2491 858 2584 nostrie,
878 2493 1045 2567 adducto
1067 2516 1196 2566 secum
1216 2491 1418 2591 Ohirurgo‚

309 2625 359 2698 ad
383 2647 532 2721 aegrum
551 2621 617 2720 qui
636 2621 720 2720 jam
740 2622 917 2696 sensibus
935 2621 1093 2696 orbatus
1118 2622 1315 2696 ferebatur
1333 2646 1417 2696 con·

307 2751 613 2846 tendit,'animee
646 2751 754 2826 illius
790 2776 943 2850 quoquo
978 2753 1094 2827 modo
1124 2757 1415 2849 procuraturus.

310 2884 386 2958 Sed
412 2883 552 2981 hospes
579 2906 663 2957 rem
692 2881 945 2980 prresentiens
974 2881 1059 2979 pios
1087 2889 1248 2957 conatus
1276 2883 1418 2958 distur-

309 3011 430 3088 bavit.
496 3013 671 3110 Cumque
698 3013 875 3087 sacerdos
907 3010 1025 3086 aliam
1056 3011 1208 3086 nullam
1236 3019 1417 3110 opportu-

310 3143 472 3218 nitatem
497 3149 626 3241 posset
643 3141 870 3241 excogitare,
890 3143 996 3240 apud
1020 3166 1170 3240 aegrum
1194 3151 1418 3240 pernoctare

308 3272 514 3347 statuebat.
582 3272 659 3348 Sed
692 3273 763 3346 boc
794 3271 912 3346 etiam
947 3255 1086 3368 hospes
1115 3271 1342 3370 impedivit:
1382 3281 1419 3348 et

309 3426 358 3477 ne
384 3399 495 3476 Patri
525 3407 641 3476 noctu
669 3403 829 3477 daretur
855 3400 995 3495 aditus,
1020 3403 1220 3477 custodem
1247 3403 1416 3502 assigne-

310 3529 368 3604 vit
393 3529 471 3629 qui,
496 3515 843 3606 lecto'transverso
872 3529 961 3604 ante
988 3527 1130 3604 ostium
1158 3527 1325 3604 cubiculi
1352 3530 1418 3605 ubi
