3402 5360
818 499 869 574 20

280 710 477 808 copiosam
509 711 706 810 pluviam3
736 713 853 811 idque
879 717 1102 791 constanter
1132 738 1257 807 mane,
1285 713 1398 790 meri·

282 840 356 934 die,
376 865 547 940 vespere,
566 841 630 916 vel
657 843 795 917 saltem
823 849 958 918 ventos
985 843 1034 918 iis
1060 843 1167 919 horis
1193 843 1398 918 vehemen-

282 969 411 1046 tiores,
475 970 582 1046 Hino
612 971 730 1047 etiam
763 972 900 1047 deduci
930 972 1031 1048 ratio
1060 978 1198 1072 potest,
1231 996 1301 1046 our
1327 971 1399 1045 hoo

281 1106 457 1198 tempore
485 1100 602 1176 Sinus
634 1101 856 1176 arnalaciis
889 1101 989 1178 liber
1016 1102 1144 1177 luerit.
1208 1101 1314 1176 Nam
1340 1101 1398 1178 sol

280 1227 321 1303 in
339 1229 487 1327 tropico
506 1229 746 1328 Capricornii
769 1231 937 1328 existens
956 1231 1061 1306 ultra
1079 1231 1243 1306 Lineam
1263 1229 1398 1329 AEqni·

281 1356 498 1451 noetialem‚
519 1365 557 1433 et
574 1360 625 1433 ad
651 1359 825 1456 ejusdem
853 1359 986 1435 Lineao
1003 1367 1218 1436 extremam
1245 1366 1398 1458 partem

280 1488 575 1564 meridionalem
602 1488 812 1584 declinam,
837 1491 897 1589 (ut
923 1491 1034 1566 nobis
1053 1490 1193 1566 aooidit
1219 1490 1322 1565 inter
1349 1491 1399 1566 13

280 1623 329 1690 et'
345 1616 391 1694 17
419 1619 585 1714 gradum
612 1617 820 1716 aeqrratoris
846 1617 995 1717 positia,
1014 1621 1170 1718 quando
1197 1619 1396 1696 mensibus

280 1745 422 1822 nostris
449 1745 635 1846 hybernis
662 1747 808 1822 calores
835 1754 927 1822 sunt
952 1747 1008 1823 ibi
1030 1749 1221 1846 quantirm
1242 1724 1395 1822 'aestivis

279 1875 478 1951 mensibus
506 1875 547 1950 in
579 1875 754 1974 Europa)
783 1876 946 1952 attrahit
977 1877 1132 1976 oblique
1164 1883 1327 1952 ventum
1358 1885 1396 1952 et

279 2005 456 2103 pluviam
484 2007 534 2080 ad
565 2005 728 2080 Lineam
756 2005 1107 2104 AEquinootialom3
1143 2012 1260 2104 atque
1290 2005 1392 2099 inde,

278 2135 326 2210 iis
355 2135 555 2210 mensibus
579 2134 689 2231 ¹venti
718 2144 810 2210 aunt
838 2135 1032 2230 certiorem
1059 2143 1099 2211 et
1125 2135 1166 2210 in
1195 2137 1268 2211 hoo
1299 2136 1394 2210 Sinu

278 2265 497 2364 praesertim
528 2271 567 2340 et
595 2265 730 2340 versirs
758 2264 951 2363 tropicum
981 2264 1165 2356 Cancri„
1197 2265 1392 2363 Frequen-

277 2395 396 2470 tiores
423 2401 552 2487 autem
585 2400 678 2467 aunt
703 2391 878 2468 malacim
909 2395 1009 2488 oiim,
1036 2393 1175 2495 motivo
1206 2401 1391 2492 tempore,

277 2525 335 2600 sol
354 2531 590 2624 aequatorem
616 2522 760 2598 transit
778 2525 828 2598 ad
856 2548 935 2612 noa,
957 2524 1196 2623 attrahitque
1223 2533 1394 2598 meteora

277 2655 380 2730 salsa
408 2661 446 2730 et
473 2679 607 2751 aquea,
635 2677 712 2726 non
744 2653 900 2754 oblique
931 2657 998 2729 sed
1030 2655 1109 2729 fere
1138 2654 1392 2753 perpendicu-

277 2783 423 2860 lariter.

328 2915 405 2988 Hic
435 2920 565 2988 autem
595 2936 671 2986 non
704 2937 864 3010 possum
893 2937 970 2987 non
999 2913 1185 2988 extollere
1216 2913 1393 2988 divinam

277 3042 499 3118 Bonitatem
526 3065 614 3139 quae
637 3038 891 3138 diligentibus
917 3041 1020 3135 facit,
1041 3048 1086 3116 nt
1103 3041 1234 3116 onmia
1260 3067 1392 3140 ooope-
1424 3143 1430 3150 ἱ

274 3180 410 3249 rentur
441 3166 485 3245 in
520 3171 678 3244 bonum.
748 3169 789 3244 Si
825 3170 929 3245 onim
965 3171 1075 3246 nulla
1108 3171 1250 3271 injecta
1283 3175 1392 3248 mord

275 3303 457 3378 iacuisset
487 3326 530 3376 eo
556 3305 731 3399 tempore
762 3301 913 3376 solvere
944 3327 1020 3400 quo
1050 3303 1391 3396 eonstitneramuS,

275 3433 419 3508 mensis
455 3430 602 3506 seilicet
635 3431 791 3528 augusti
827 3429 1028 3529 vigesimo,
1061 3432 1141 3506 sole
1175 3432 1230 3506 eis
1266 3458 1392 3531 eoqua-

274 3569 399 3635 torem
434 3558 618 3634 verticem
654 3557 815 3632 feriente
845 3557 1101 3634 intensissimi
1133 3560 1280 3634 calores
1312 3585 1389 3634 non

275 3691 402 3766 solnm
421 3714 585 3764 annonae
612 3689 752 3782 labem,
772 3689 839 3762 sed
866 3687 1062 3786 plerisque
1089 3687 1270 3764 omnibus
1285 3677 1391 3763 'mor-
