3402 5360
823 533 874 608 34

293 772 380 846 quae
406 772 476 846 per
501 747 752 847 interpretem
777 749 994 825 Henricum
1022 750 1143 845 Fleet,
1162 751 1294 850 (plura
1311 749 1402 824 vide

295 881 343 954 de
378 877 452 954 isto
487 879 581 978 Peg.
618 881 694 976 35.)
730 882 778 956 de
812 879 1020 978 gentilium
1050 881 1248 956 erroribus
1283 879 1405 978 expli·

295 1007 410 1102 canti,
433 1007 600 1084 libenter
621 1033 734 1084 aures
761 1009 890 1102 dabat,
916 1035 1005 1085 suos
1029 1009 1243 1086 identidem
1269 1033 1408 1107 agnos-

295 1163 406 1214 cens:
435 1145 554 1238 utque
580 1143 635 1236 (et
660 1135 948 1236 cirmledootus
980 1144 1068 1238 (est)
1096 1165 1177 1234 nos,
1206 1164 1283 1214 non
1310 1137 1405 1214 belli

294 1268 421 1362 causa,
449 1270 518 1343 sed
544 1268 825 1344 benevolentiae
858 1263 996 1368 gratia,
1032 1271 1077 1344 eo
1111 1269 1322 1368 appulisse,
1359 1273 1404 1342 ut

295 1407 451 1498 gentem
493 1400 633 1475 rudem
667 1399 849 1474 civilibus
888 1399 1093 1498 praeceptis
1127 1399 1403 1490 imbueremuS,

295 1535 334 1603 et
360 1528 467 1604 viam
498 1531 548 1604 ad
578 1528 718 1603 caelum
749 1527 1000 1626 aperiremuS,
1033 1527 1151 1603 simul
1184 1525 1404 1625 Regionum

295 1658 597 1758 longinquarum
649 1660 809 1734 comoda
851 1657 900 1732 iis
950 1656 1229 1756 impertituros,
1274 1662 1404 1755 gratos

295 1787 499 1864 advenisse
534 1787 780 1863 monstravit.
833 1789 1032 1886 Interpros
1067 1794 1151 1862 erat
1177 1811 1224 1862 cx
1251 1785 1402 1860 Protes-

295 1917 470 1992 tantibus
501 1913 704 2014 Virginius.
757 1917 896 2018 Itaque
927 1917 1015 1991 edm
1051 1916 1177 2014 plura,
1210 1938 1282 2012 pro
1307 1919 1403 1987 tem·

295 2071 398 2144 porc,
419 2045 607 2121 disserere
633 2071 709 2121 non
737 2053 867 2144 posset
893 2046 1022 2138 Pater,
1045 2021 1226 2144 promisit
1251 2067 1302 2136 se,
1326 2066 1404 2116 non

295 2175 351 2250 ita
376 2175 501 2249 multo
527 2181 625 2273 post,
652 2199 914 2252 reversurum.
969 2175 1047 2250 “Id
1073 2173 1172 2248 mihi
1198 2199 1246 2248 ex
1272 2171 1404 2246 animo

295 2301 445 2390 accidit,
476 2301 605 2400 inquit
639 2301 813 2394 archihir,
846 2327 924 2377 una
954 2303 1090 2376 mensa
1121 2307 1294 2375 utemur:
1327 2298 1405 2373 mei

295 2455 448 2530 quoque
482 2430 638 2505 asseclae
673 2456 743 2529 pro
770 2438 809 2506 te
838 2437 1024 2506 venatum
1058 2429 1183 2522 ibunt,
1212 2433 1405 2525 eruntque

294 2560 397 2656 inter
423 2584 492 2634 nos
519 2560 651 2634 omnia
677 2559 937 2634 communia.”

345 2689 451 2765 Hinc
474 2688 574 2768 itum
599 2692 649 2765 ad
668 2691 937 2789 Pascatawoyc,
961 2687 1028 2768 ubi
1055 2712 1189 2762 omnes
1216 2688 1267 2762 ad
1293 2711 1405 2761 arma

294 2819 560 2894 convolarunt.
614 2817 826 2918 Quingenti
852 2818 1003 2894 circiter
1030 2821 1196 2891 arcubus
1223 2814 1404 2892 instructi

293 2948 335 3023 in
370 2947 501 3024 littore
543 2949 632 3023 crim
674 2949 915 3048 Imperatore
958 2946 1221 3023 constiterant.
1273 2945 1405 3043 Signis

293 3076 399 3175 pacis
427 3075 540 3172 datie,
568 3077 799 3176 Imperator,
826 3083 934 3152 metu
960 3073 1097 3173 posito,
1125 3073 1290 3153 celocem
1317 3097 1403 3147 con·

294 3205 453 3301 scendit,
490 3213 529 3282 ct
562 3206 695 3282 audito
728 3214 950 3282 nostrorum
984 3203 1184 3296 benevole,
1216 3204 1309 3300 erga
1339 3227 1404 3277 eas

293 3339 427 3433 gentes
462 3333 592 3408 animo
621 3335 845 3410 facultatem
881 3331 998 3425 dedit,
1027 3332 1104 3429 qut
1129 3328 1286 3428 imperii
1321 3329 1404 3427 ejus

294 3470 406 3566 parte
431 3464 634 3558 vellemus,
661 3462 878 3539 habitandi.
