<?xml version="1.0" encoding="UTF-8"?>
<!DOCTYPE html PUBLIC "-//W3C//DTD XHTML 1.0 Transitional//EN"
    "http://www.w3.org/TR/xhtml1/DTD/xhtml1-transitional.dtd">
<html xmlns="http://www.w3.org/1999/xhtml" xml:lang="en" lang="en">
 <head>
  <title>
</title>
<meta http-equiv="Content-Type" content="text/html;charset=utf-8" />
  <meta name='ocr-system' content='tesseract 3.04.00' />
  <meta name='ocr-capabilities' content='ocr_page ocr_carea ocr_par ocr_line ocrx_word'/>
</head>
<body>
  <div class='ocr_page' id='page_1' title='image "./relatioitineris00dalrgoog/relatioitineris00dalrgoog_0046.png"; bbox 0 0 3402 5360; ppageno 0'>
   <div class='ocr_carea' id='block_1_1' title="bbox 861 532 912 606">
    <p class='ocr_par' dir='ltr' id='par_1_1' title="bbox 861 532 912 606">
     <span class='ocr_line' id='line_1_1' title="bbox 861 532 912 606; baseline 0.039 -2"><span class='ocrx_word' id='word_1_1' title='bbox 861 532 912 606; x_wconf 81' lang='lat'>26</span> 
     </span>
    </p>
   </div>
   <div class='ocr_carea' id='block_1_2' title="bbox 233 747 1457 3673">
    <p class='ocr_par' dir='ltr' id='par_1_2' title="bbox 331 747 1446 1105">
     <span class='ocr_line' id='line_1_2' title="bbox 331 747 1445 848; baseline -0.006 -21"><span class='ocrx_word' id='word_1_2' title='bbox 331 753 488 826; x_wconf 69' lang='lat' dir='ltr'>nudatae</span> <span class='ocrx_word' id='word_1_3' title='bbox 511 747 680 848; x_wconf 85' lang='lat' dir='ltr'>propior,</span> <span class='ocrx_word' id='word_1_4' title='bbox 699 747 837 847; x_wconf 86' lang='lat' dir='ltr'>ingens</span> <span class='ocrx_word' id='word_1_5' title='bbox 855 747 988 841; x_wconf 72' lang='lat' dir='ltr'>edulia,</span> <span class='ocrx_word' id='word_1_6' title='bbox 1008 747 1157 822; x_wconf 89' lang='lat' dir='ltr'>arboris</span> <span class='ocrx_word' id='word_1_7' title='bbox 1175 747 1273 822; x_wconf 75' lang='lat' dir='ltr'>bene</span> <span class='ocrx_word' id='word_1_8' title='bbox 1291 770 1445 844; x_wconf 85' lang='lat' dir='ltr'>magnae</span> 
     </span>
     <span class='ocr_line' id='line_1_3' title="bbox 331 877 1446 977; baseline -0.004 -23"><span class='ocrx_word' id='word_1_9' title='bbox 331 887 513 956; x_wconf 90' lang='lat' dir='ltr'>truncum</span> <span class='ocrx_word' id='word_1_10' title='bbox 545 881 754 977; x_wconf 68' lang='lat' dir='ltr'>adaequans</span> <span class='ocrx_word' id='word_1_11' title='bbox 784 903 908 977; x_wconf 87' lang='lat' dir='ltr'>neque</span> <span class='ocrx_word' id='word_1_12' title='bbox 939 884 1070 953; x_wconf 88' lang='lat' dir='ltr'>tamen</span> <span class='ocrx_word' id='word_1_13' title='bbox 1097 879 1212 952; x_wconf 90' lang='lat' dir='ltr'>arbor</span> <span class='ocrx_word' id='word_1_14' title='bbox 1243 879 1311 952; x_wconf 90' lang='lat' dir='ltr'>sed</span> <span class='ocrx_word' id='word_1_15' title='bbox 1341 877 1446 973; x_wconf 82' lang='lat' dir='ltr'>legu-</span> 
     </span>
     <span class='ocr_line' id='line_1_4' title="bbox 332 1006 1244 1105; baseline -0.003 -21"><span class='ocrx_word' id='word_1_16' title='bbox 332 1034 432 1102; x_wconf 87' lang='lat' dir='ltr'>men,</span> <span class='ocrx_word' id='word_1_17' title='bbox 460 1008 681 1084; x_wconf 83' lang='lat' dir='ltr'>Brassicam</span> <span class='ocrx_word' id='word_1_18' title='bbox 708 1009 783 1082; x_wconf 87' lang='lat' dir='ltr'>fert</span> <span class='ocrx_word' id='word_1_19' title='bbox 809 1033 886 1082; x_wconf 93' lang='lat' dir='ltr'>non</span> <span class='ocrx_word' id='word_1_20' title='bbox 914 1006 1085 1105; x_wconf 76' lang='lat' dir='ltr'>amplius</span> <span class='ocrx_word' id='word_1_21' title='bbox 1112 1031 1244 1082; x_wconf 89' lang='lat' dir='ltr'>unam.</span> 
     </span>
    </p>

    <p class='ocr_par' dir='ltr' id='par_1_3' title="bbox 330 1134 1445 1990">
     <span class='ocr_line' id='line_1_5' title="bbox 382 1134 1444 1234; baseline -0.003 -24"><span class='ocrx_word' id='word_1_22' title='bbox 382 1136 535 1212; x_wconf 84' lang='lat' dir='ltr'><strong>Ibidem</strong></span> <span class='ocrx_word' id='word_1_23' title='bbox 554 1135 686 1211; x_wconf 89' lang='lat' dir='ltr'>videre</span> <span class='ocrx_word' id='word_1_24' title='bbox 704 1141 762 1210; x_wconf 89' lang='lat' dir='ltr'>est</span> <span class='ocrx_word' id='word_1_25' title='bbox 780 1136 957 1210; x_wconf 86' lang='lat' dir='ltr'>arborem</span> <span class='ocrx_word' id='word_1_26' title='bbox 976 1134 1070 1210; x_wconf 85' lang='lat' dir='ltr'>satis</span> <span class='ocrx_word' id='word_1_27' title='bbox 1093 1160 1306 1234; x_wconf 86' lang='lat' dir='ltr'>proceram,</span> <span class='ocrx_word' id='word_1_28' title='bbox 1326 1157 1444 1233; x_wconf 90' lang='lat' dir='ltr'>quam</span> 
     </span>
     <span class='ocr_line' id='line_1_6' title="bbox 332 1263 1443 1364; baseline -0.003 -24"><span class='ocrx_word' id='word_1_29' title='bbox 332 1290 517 1364; x_wconf 82' lang='lat' dir='ltr'>saponem</span> <span class='ocrx_word' id='word_1_30' title='bbox 548 1271 700 1340; x_wconf 90' lang='lat' dir='ltr'>vocant.</span> <span class='ocrx_word' id='word_1_31' title='bbox 764 1264 898 1338; x_wconf 85' lang='lat' dir='ltr'>Grana</span> <span class='ocrx_word' id='word_1_32' title='bbox 933 1265 1090 1362; x_wconf 84' lang='lat' dir='ltr'>saponis</span> <span class='ocrx_word' id='word_1_33' title='bbox 1125 1289 1264 1339; x_wconf 90' lang='lat' dir='ltr'>nucem</span> <span class='ocrx_word' id='word_1_34' title='bbox 1300 1263 1443 1338; x_wconf 87' lang='lat' dir='ltr'>avella-</span> 
     </span>
     <span class='ocr_line' id='line_1_7' title="bbox 331 1393 1443 1492; baseline -0.004 -22"><span class='ocrx_word' id='word_1_35' title='bbox 331 1419 423 1470; x_wconf 91' lang='lat' dir='ltr'>nam</span> <span class='ocrx_word' id='word_1_36' title='bbox 454 1418 530 1468; x_wconf 91' lang='lat' dir='ltr'>non</span> <span class='ocrx_word' id='word_1_37' title='bbox 559 1396 750 1470; x_wconf 85' lang='lat' dir='ltr'>excedunt</span> <span class='ocrx_word' id='word_1_38' title='bbox 778 1393 1062 1492; x_wconf 83' lang='lat' dir='ltr'>magnitudine.</span> <span class='ocrx_word' id='word_1_39' title='bbox 1100 1395 1257 1470; x_wconf 91' lang='lat' dir='ltr'>Horum</span> <span class='ocrx_word' id='word_1_40' title='bbox 1285 1393 1443 1492; x_wconf 84' lang='lat' dir='ltr'>pinguis</span> 
     </span>
     <span class='ocr_line' id='line_1_8' title="bbox 331 1522 1445 1622; baseline -0.003 -23"><span class='ocrx_word' id='word_1_41' title='bbox 331 1524 483 1600; x_wconf 89' lang='lat' dir='ltr'>tunica:</span> <span class='ocrx_word' id='word_1_42' title='bbox 520 1523 676 1621; x_wconf 88' lang='lat' dir='ltr'>saponis</span> <span class='ocrx_word' id='word_1_43' title='bbox 703 1523 827 1598; x_wconf 87' lang='lat' dir='ltr'>instar</span> <span class='ocrx_word' id='word_1_44' title='bbox 860 1530 1004 1622; x_wconf 85' lang='lat' dir='ltr'>purgat</span> <span class='ocrx_word' id='word_1_45' title='bbox 1035 1530 1074 1600; x_wconf 88' lang='lat' dir='ltr'>et</span> <span class='ocrx_word' id='word_1_46' title='bbox 1103 1522 1290 1621; x_wconf 82' lang='lat' dir='ltr'>detergit3</span> <span class='ocrx_word' id='word_1_47' title='bbox 1327 1547 1445 1621; x_wconf 91' lang='lat' dir='ltr'>quan-</span> 
     </span>
     <span class='ocr_line' id='line_1_9' title="bbox 330 1653 1444 1754; baseline -0.003 -24"><span class='ocrx_word' id='word_1_48' title='bbox 330 1657 460 1754; x_wconf 77' lang='lat' dir='ltr'>quam,</span> <span class='ocrx_word' id='word_1_49' title='bbox 499 1661 542 1730; x_wconf 87' lang='lat' dir='ltr'>ut</span> <span class='ocrx_word' id='word_1_50' title='bbox 577 1655 699 1748; x_wconf 88' lang='lat' dir='ltr'>aiunt,</span> <span class='ocrx_word' id='word_1_51' title='bbox 735 1655 815 1730; x_wconf 89' lang='lat' dir='ltr'>lino</span> <span class='ocrx_word' id='word_1_52' title='bbox 851 1655 1019 1730; x_wconf 80' lang='lat' dir='ltr'>tenuiori</span> <span class='ocrx_word' id='word_1_53' title='bbox 1063 1654 1234 1731; x_wconf 90' lang='lat' dir='ltr'>inimica.</span> <span class='ocrx_word' id='word_1_54' title='bbox 1277 1655 1361 1748; x_wconf 57' lang='lat' dir='ltr'>‚Ex</span> <span class='ocrx_word' id='word_1_55' title='bbox 1395 1653 1444 1728; x_wconf 92' lang='lat' dir='ltr'>iis</span> 
     </span>
     <span class='ocr_line' id='line_1_10' title="bbox 330 1783 1445 1883; baseline 0 -25"><span class='ocrx_word' id='word_1_56' title='bbox 330 1784 463 1883; x_wconf 83' lang='lat' dir='ltr'>granis</span> <span class='ocrx_word' id='word_1_57' title='bbox 490 1784 615 1859; x_wconf 88' lang='lat' dir='ltr'>multa</span> <span class='ocrx_word' id='word_1_58' title='bbox 639 1809 791 1859; x_wconf 90' lang='lat' dir='ltr'>mecum</span> <span class='ocrx_word' id='word_1_59' title='bbox 810 1783 941 1859; x_wconf 87' lang='lat' dir='ltr'>ablata</span> <span class='ocrx_word' id='word_1_60' title='bbox 958 1783 999 1858; x_wconf 91' lang='lat' dir='ltr'>in</span> <span class='ocrx_word' id='word_1_61' title='bbox 1027 1784 1320 1877; x_wconf 89' lang='lat' dir='ltr'>Marilandiam‚</span> <span class='ocrx_word' id='word_1_62' title='bbox 1339 1809 1445 1858; x_wconf 88' lang='lat' dir='ltr'>man·</span> 
     </span>
     <span class='ocr_line' id='line_1_11' title="bbox 331 1913 1210 1990; baseline 0 -1"><span class='ocrx_word' id='word_1_63' title='bbox 331 1913 423 1990; x_wconf 86' lang='lat' dir='ltr'>davi</span> <span class='ocrx_word' id='word_1_64' title='bbox 450 1919 563 1988; x_wconf 83' lang='lat' dir='ltr'>terrae</span> <span class='ocrx_word' id='word_1_65' title='bbox 589 1913 811 1988; x_wconf 87' lang='lat' dir='ltr'>futurarum</span> <span class='ocrx_word' id='word_1_66' title='bbox 839 1915 1023 1988; x_wconf 90' lang='lat' dir='ltr'>arborum</span> <span class='ocrx_word' id='word_1_67' title='bbox 1050 1914 1210 1990; x_wconf 85' lang='lat' dir='ltr'>semina.</span> 
     </span>
    </p>

    <p class='ocr_par' dir='ltr' id='par_1_4' title="bbox 331 2043 1457 3047">
     <span class='ocr_line' id='line_1_12' title="bbox 382 2043 1446 2120; baseline 0.001 -1"><span class='ocrx_word' id='word_1_68' title='bbox 382 2044 491 2120; x_wconf 91' lang='lat' dir='ltr'>Inter</span> <span class='ocrx_word' id='word_1_69' title='bbox 525 2044 682 2118; x_wconf 88' lang='lat' dir='ltr'>arbores</span> <span class='ocrx_word' id='word_1_70' title='bbox 715 2043 832 2118; x_wconf 85' lang='lat' dir='ltr'>etiam</span> <span class='ocrx_word' id='word_1_71' title='bbox 868 2053 1077 2119; x_wconf 83' lang='lat' dir='ltr'>numerant</span> <span class='ocrx_word' id='word_1_72' title='bbox 1113 2045 1283 2120; x_wconf 83' lang='lat' dir='ltr'>Palmam</span> <span class='ocrx_word' id='word_1_73' title='bbox 1314 2046 1446 2120; x_wconf 77' lang='lat' dir='ltr'>Christi</span> 
     </span>
     <span class='ocr_line' id='line_1_13' title="bbox 331 2173 1457 2274; baseline -0.001 -24"><span class='ocrx_word' id='word_1_74' title='bbox 331 2176 554 2274; x_wconf 80' lang='lat' dir='ltr'>quanquam</span> <span class='ocrx_word' id='word_1_75' title='bbox 582 2180 766 2250; x_wconf 86' lang='lat' dir='ltr'>truncum</span> <span class='ocrx_word' id='word_1_76' title='bbox 793 2173 863 2248; x_wconf 89' lang='lat' dir='ltr'>illa</span> <span class='ocrx_word' id='word_1_77' title='bbox 889 2175 1031 2250; x_wconf 89' lang='lat' dir='ltr'>habeat</span> <span class='ocrx_word' id='word_1_78' title='bbox 1061 2201 1245 2274; x_wconf 90' lang='lat' dir='ltr'>porosum</span> <span class='ocrx_word' id='word_1_79' title='bbox 1272 2181 1311 2250; x_wconf 89' lang='lat' dir='ltr'>et</span> <span class='ocrx_word' id='word_1_80' title='bbox 1336 2175 1457 2273; x_wconf 79' lang='lat' dir='ltr'>lagu.</span> 
     </span>
     <span class='ocr_line' id='line_1_14' title="bbox 332 2303 1444 2403; baseline -0.002 -23"><span class='ocrx_word' id='word_1_81' title='bbox 332 2305 429 2380; x_wconf 92' lang='lat' dir='ltr'>mini</span> <span class='ocrx_word' id='word_1_82' title='bbox 455 2303 642 2396; x_wconf 83' lang='lat' dir='ltr'>similem3</span> <span class='ocrx_word' id='word_1_83' title='bbox 680 2303 894 2379; x_wconf 87' lang='lat' dir='ltr'>Racemum</span> <span class='ocrx_word' id='word_1_84' title='bbox 921 2305 997 2380; x_wconf 86' lang='lat' dir='ltr'>fert</span> <span class='ocrx_word' id='word_1_85' title='bbox 1023 2305 1222 2403; x_wconf 85' lang='lat' dir='ltr'>ingentem</span> <span class='ocrx_word' id='word_1_86' title='bbox 1250 2304 1444 2379; x_wconf 90' lang='lat' dir='ltr'>seminum</span> 
     </span>
     <span class='ocr_line' id='line_1_15' title="bbox 331 2431 1445 2530; baseline -0.002 -22"><span class='ocrx_word' id='word_1_87' title='bbox 331 2432 469 2508; x_wconf 87' lang='lat' dir='ltr'>coloris</span> <span class='ocrx_word' id='word_1_88' title='bbox 500 2431 745 2508; x_wconf 84' lang='lat' dir='ltr'>subcinericii</span> <span class='ocrx_word' id='word_1_89' title='bbox 771 2431 895 2530; x_wconf 84' lang='lat' dir='ltr'>spinis</span> <span class='ocrx_word' id='word_1_90' title='bbox 931 2440 1126 2507; x_wconf 89' lang='lat' dir='ltr'>armatum</span> <span class='ocrx_word' id='word_1_91' title='bbox 1153 2439 1192 2507; x_wconf 90' lang='lat' dir='ltr'>et</span> <span class='ocrx_word' id='word_1_92' title='bbox 1218 2432 1341 2530; x_wconf 88' lang='lat' dir='ltr'>nigris</span> <span class='ocrx_word' id='word_1_93' title='bbox 1367 2458 1445 2506; x_wconf 93' lang='lat' dir='ltr'>ma-</span> 
     </span>
     <span class='ocr_line' id='line_1_16' title="bbox 331 2549 1446 2659; baseline -0.001 -24"><span class='ocrx_word' id='word_1_94' title='bbox 331 2560 429 2636; x_wconf 87' lang='lat' dir='ltr'>culis</span> <span class='ocrx_word' id='word_1_95' title='bbox 463 2549 696 2659; x_wconf 86' lang='lat' dir='ltr'>inspersum.</span> <span class='ocrx_word' id='word_1_96' title='bbox 750 2561 812 2634; x_wconf 83' lang='lat' dir='ltr'>Ex</span> <span class='ocrx_word' id='word_1_97' title='bbox 837 2559 899 2634; x_wconf 88' lang='lat' dir='ltr'>his</span> <span class='ocrx_word' id='word_1_98' title='bbox 934 2568 1126 2659; x_wconf 87' lang='lat' dir='ltr'>praestans</span> <span class='ocrx_word' id='word_1_99' title='bbox 1161 2562 1290 2636; x_wconf 87' lang='lat' dir='ltr'>oleum</span> <span class='ocrx_word' id='word_1_100' title='bbox 1322 2561 1446 2658; x_wconf 81' lang='lat' dir='ltr'>expri-</span> 
     </span>
     <span class='ocr_line' id='line_1_17' title="bbox 331 2685 1443 2788; baseline -0.003 -23"><span class='ocrx_word' id='word_1_101' title='bbox 331 2689 464 2766; x_wconf 89' lang='lat' dir='ltr'>mitur.</span> <span class='ocrx_word' id='word_1_102' title='bbox 517 2689 626 2764; x_wconf 85' lang='lat' dir='ltr'>Mala</span> <span class='ocrx_word' id='word_1_103' title='bbox 653 2713 781 2781; x_wconf 90' lang='lat' dir='ltr'>aurea,</span> <span class='ocrx_word' id='word_1_104' title='bbox 809 2685 961 2783; x_wconf 85' lang='lat' dir='ltr'>citrina,</span> <span class='ocrx_word' id='word_1_105' title='bbox 986 2697 1161 2788; x_wconf 84' lang='lat' dir='ltr'>granata,</span> <span class='ocrx_word' id='word_1_106' title='bbox 1185 2715 1301 2764; x_wconf 88' lang='lat' dir='ltr'>nuces</span> <span class='ocrx_word' id='word_1_107' title='bbox 1326 2689 1443 2764; x_wconf 85' lang='lat' dir='ltr'>etiam</span> 
     </span>
     <span class='ocr_line' id='line_1_18' title="bbox 332 2817 1444 2920; baseline -0.004 -26"><span class='ocrx_word' id='word_1_108' title='bbox 332 2845 428 2920; x_wconf 89' lang='lat' dir='ltr'>quas</span> <span class='ocrx_word' id='word_1_109' title='bbox 464 2817 635 2917; x_wconf 89' lang='lat' dir='ltr'>Hispani</span> <span class='ocrx_word' id='word_1_110' title='bbox 677 2819 782 2894; x_wconf 74' lang='lat' dir='ltr'>Cocco</span> <span class='ocrx_word' id='word_1_111' title='bbox 815 2825 966 2912; x_wconf 88' lang='lat' dir='ltr'>vocant,</span> <span class='ocrx_word' id='word_1_112' title='bbox 1002 2818 1195 2917; x_wconf 83' lang='lat' dir='ltr'>ceterique</span> <span class='ocrx_word' id='word_1_113' title='bbox 1229 2817 1444 2892; x_wconf 89' lang='lat' dir='ltr'>calidarum</span> 
     </span>
     <span class='ocr_line' id='line_1_19' title="bbox 331 2947 1181 3047; baseline -0.005 -23"><span class='ocrx_word' id='word_1_114' title='bbox 331 2949 536 3047; x_wconf 85' lang='lat' dir='ltr'>regionum</span> <span class='ocrx_word' id='word_1_115' title='bbox 562 2949 710 3022; x_wconf 87' lang='lat' dir='ltr'>fructus</span> <span class='ocrx_word' id='word_1_116' title='bbox 738 2947 907 3022; x_wconf 91' lang='lat' dir='ltr'>ubertim</span> <span class='ocrx_word' id='word_1_117' title='bbox 934 2947 1181 3046; x_wconf 89' lang='lat' dir='ltr'>proveniunt.</span> 
     </span>
    </p>

    <p class='ocr_par' dir='ltr' id='par_1_5' title="bbox 233 3075 1445 3673">
     <span class='ocr_line' id='line_1_20' title="bbox 383 3075 1445 3174; baseline -0.001 -24"><span class='ocrx_word' id='word_1_118' title='bbox 383 3077 456 3151; x_wconf 78' lang='lat' dir='ltr'>Est</span> <span class='ocrx_word' id='word_1_119' title='bbox 482 3083 520 3152; x_wconf 91' lang='lat' dir='ltr'>et</span> <span class='ocrx_word' id='word_1_120' title='bbox 545 3077 694 3152; x_wconf 85' lang='lat' dir='ltr'>fructus</span> <span class='ocrx_word' id='word_1_121' title='bbox 721 3076 788 3174; x_wconf 92' lang='lat' dir='ltr'>qui</span> <span class='ocrx_word' id='word_1_122' title='bbox 817 3076 965 3151; x_wconf 84' lang='lat' dir='ltr'>Guaoia</span> <span class='ocrx_word' id='word_1_123' title='bbox 991 3075 1133 3152; x_wconf 88' lang='lat' dir='ltr'>dicitur</span> <span class='ocrx_word' id='word_1_124' title='bbox 1161 3077 1298 3152; x_wconf 89' lang='lat' dir='ltr'>coloris</span> <span class='ocrx_word' id='word_1_125' title='bbox 1325 3075 1445 3168; x_wconf 87' lang='lat' dir='ltr'>aurei,</span> 
     </span>
     <span class='ocr_line' id='line_1_21' title="bbox 333 3204 1444 3305; baseline -0.002 -24"><span class='ocrx_word' id='word_1_126' title='bbox 333 3207 459 3282; x_wconf 82' lang='lat' dir='ltr'>forma</span> <span class='ocrx_word' id='word_1_127' title='bbox 484 3205 571 3281; x_wconf 87' lang='lat' dir='ltr'>citri</span> <span class='ocrx_word' id='word_1_128' title='bbox 607 3204 781 3298; x_wconf 75' lang='lat' dir='ltr'>minoriS,</span> <span class='ocrx_word' id='word_1_129' title='bbox 809 3212 927 3303; x_wconf 85' lang='lat' dir='ltr'>gustu</span> <span class='ocrx_word' id='word_1_130' title='bbox 958 3213 1087 3281; x_wconf 87' lang='lat' dir='ltr'>tamen</span> <span class='ocrx_word' id='word_1_131' title='bbox 1124 3207 1294 3282; x_wconf 85' lang='lat' dir='ltr'>referens</span> <span class='ocrx_word' id='word_1_132' title='bbox 1321 3206 1444 3305; x_wconf 86' lang='lat' dir='ltr'>Cydo-</span> 
     </span>
     <span class='ocr_line' id='line_1_22' title="bbox 233 3336 1443 3436; baseline -0.003 -23"><span class='ocrx_word' id='word_1_133' title='bbox 233 3396 241 3402; x_wconf 88' lang='lat'>.</span> <span class='ocrx_word' id='word_1_134' title='bbox 333 3336 444 3413; x_wconf 90' lang='lat' dir='ltr'>nium</span> <span class='ocrx_word' id='word_1_135' title='bbox 476 3336 658 3436; x_wconf 83' lang='lat' dir='ltr'>(quince.)</span> <span class='ocrx_word' id='word_1_136' title='bbox 716 3336 840 3434; x_wconf 81' lang='lat' dir='ltr'>Pupae</span> <span class='ocrx_word' id='word_1_137' title='bbox 885 3336 1012 3412; x_wconf 89' lang='lat' dir='ltr'>colore</span> <span class='ocrx_word' id='word_1_138' title='bbox 1038 3345 1077 3412; x_wconf 87' lang='lat' dir='ltr'>et</span> <span class='ocrx_word' id='word_1_139' title='bbox 1102 3339 1203 3412; x_wconf 86' lang='lat' dir='ltr'>form</span> <span class='ocrx_word' id='word_1_140' title='bbox 1239 3363 1316 3411; x_wconf 91' lang='lat' dir='ltr'>non</span> <span class='ocrx_word' id='word_1_141' title='bbox 1343 3336 1443 3410; x_wconf 91' lang='lat' dir='ltr'>absi-</span> 
     </span>
     <span class='ocr_line' id='line_1_23' title="bbox 334 3463 1445 3564; baseline -0.001 -24"><span class='ocrx_word' id='word_1_142' title='bbox 334 3465 440 3558; x_wconf 82' lang='lat' dir='ltr'>mili3</span> <span class='ocrx_word' id='word_1_143' title='bbox 469 3469 536 3542; x_wconf 83' lang='lat' dir='ltr'>sed</span> <span class='ocrx_word' id='word_1_144' title='bbox 571 3463 780 3564; x_wconf 81' lang='lat' dir='ltr'>praeduleis</span> <span class='ocrx_word' id='word_1_145' title='bbox 815 3467 903 3540; x_wconf 76' lang='lat' dir='ltr'>crim</span> <span class='ocrx_word' id='word_1_146' title='bbox 939 3467 1000 3560; x_wconf 88' lang='lat' dir='ltr'>sit,</span> <span class='ocrx_word' id='word_1_147' title='bbox 1033 3467 1257 3543; x_wconf 84' lang='lat' dir='ltr'>condiendis</span> <span class='ocrx_word' id='word_1_148' title='bbox 1291 3473 1445 3541; x_wconf 88' lang='lat' dir='ltr'>tantum</span> 
     </span>
     <span class='ocr_line' id='line_1_24' title="bbox 335 3597 678 3673; baseline 0 -1"><span class='ocrx_word' id='word_1_149' title='bbox 335 3597 430 3673; x_wconf 89' lang='lat' dir='ltr'>cibis</span> <span class='ocrx_word' id='word_1_150' title='bbox 457 3597 678 3672; x_wconf 87' lang='lat' dir='ltr'>adhibetur.</span> 
     </span>
    </p>
   </div>
   <div class='ocr_carea' id='block_1_3' title="bbox 0 0 1709 5360">
    <p class='ocr_par' dir='ltr' id='par_1_6' title="bbox 0 0 1709 5360">
     <span class='ocr_line' id='line_1_25' title="bbox 0 0 1709 5360; baseline 0 0"><span class='ocrx_word' id='word_1_151' title='bbox 0 0 1709 5360; x_wconf 95' lang='lat' dir='ltr'> </span> 
     </span>
    </p>
   </div>
  </div>
 </body>
</html>
