3328 5352
853 497 903 572 60

317 715 518 814 susceptis
547 716 625 790 unat
651 714 802 789 circiter
829 713 919 788 ante
946 713 1097 788 obitum
1125 714 1231 805 hora,
1261 711 1429 788 Catholi-

319 872 408 921 cum
442 852 661 920 curatorem
694 869 809 918 suum
844 843 1000 942 rogavit
1034 851 1078 919 ut
1112 869 1183 943 pro
1218 869 1259 919 se
1293 847 1433 918 oraret.

319 973 514 1049 Credibile
532 979 590 1048 est
612 973 761 1047 malum
779 972 819 1047 iu
839 972 1038 1070 Angelum
1058 998 1099 1049 ee
1117 972 1435 1072 conspiciendum

320 1103 553 1203 praebuisse;
582 1105 672 1178 nam
692 1104 732 1178 in
759 1103 845 1202 ipso
866 1105 965 1202 pene
987 1103 1124 1179 mortis
1148 1104 1323 1197 articulo,
1343 1089 1435 1179 eun·

240 1233 243 1240 ⁴
320 1236 409 1308 dem
436 1257 578 1307 vocans
604 1240 833 1324 curatorem,
854 1232 974 1307 alacri
1000 1257 1093 1307 voce
1119 1232 1240 1308 dixit:
1269 1240 1433 1307 “nonne

321 1361 431 1434 vides
462 1360 646 1458 angelum
682 1385 811 1435 meum
848 1361 1025 1436 bonum?
1089 1361 1173 1435 En!
1214 1361 1272 1439 uti
1307 1364 1438 1436 adstat

322 1515 385 1565 me
419 1496 712 1588 asportaturus:
754 1491 977 1566 abeundum
1013 1490 1112 1565 mihi
1147 1491 1242 1566 est.”
1304 1492 1437 1589 Atqire

321 1618 377 1693 ita
403 1617 553 1694 felicem
585 1617 659 1717 (uti
691 1642 848 1716 sperare
878 1619 936 1693 fas
964 1619 1036 1719 est)
1068 1618 1244 1694 animam
1271 1619 1437 1717 oxspiri-

323 1749 393 1829 vit.
434 1748 530 1824 Post
560 1747 816 1846 sepulturam,
844 1748 1062 1824 clarissima
1087 1749 1156 1824 lux
1183 1755 1309 1841 noctu,
1337 1749 1439 1824 circa

323 1879 407 1976 ejus
451 1877 661 1971 tumulum,
706 1877 824 1952 etiam
868 1880 891 1952 ai
938 1878 1251 1954 Protestantibus
1294 1879 1438 1977 saepius

324 2015 528 2106 conspecta
554 2013 623 2082 est.

376 2139 483 2212 Duos
512 2143 703 2235 praeterea
727 2135 874 2228 Gallos,
902 2135 1062 2235 quidam
1088 2163 1135 2213 ex
1163 2137 1305 2212 nostris
1329 2138 1440 2212 extra

324 2266 525 2342 Coloniam
547 2291 753 2340 excurrens
775 2266 960 2364 repperit,
979 2291 1146 2365 quorum
1166 2267 1265 2342 alter
1286 2266 1438 2364 integro

323 2395 491 2472 triennio
518 2395 727 2470 Catholicae
753 2396 937 2470 Ecclesiae
963 2395 1215 2471 sacramentis
1242 2403 1438 2488 caruerat;

324 2528 423 2602 alter
451 2526 535 2624 jaim
571 2524 687 2599 morti
722 2524 885 2618 vicinus,
922 2524 1145 2623 quindecim
1180 2531 1281 2601 totos
1316 2551 1439 2602 annos

324 2657 425 2732 inter
469 2654 686 2730 Haereticos
730 2679 860 2752 agene,
904 2653 1029 2730 instar
1071 2655 1231 2730 illorum
1275 2655 1438 2733 vixerat.

327 2787 504 2862 Priorem
535 2786 653 2861 Pater
681 2786 934 2861 sacramentis
958 2786 1076 2885 juvit,
1104 2794 1143 2863 et
1169 2786 1211 2863 iu
1241 2788 1441 2864 catholice

325 2919 412 3010 fide,
449 2915 641 3015 quantum
676 2915 815 3014 potuit,
853 2918 1110 2994 confirmavit.
1179 2917 1439 2993 Posteriorem

327 3047 512 3122 Ecclesiae
542 3046 752 3121 Catholicae
781 3046 1003 3140 restituens
1032 3049 1285 3124 sacramentis
1315 3050 1440 3124 omni·

326 3178 399 3251 bus
426 3178 476 3252 ad
502 3176 600 3251 bene
626 3175 872 3251 moriendum
900 3177 1103 3276 disposuit.

378 3309 492 3398 Quod
519 3310 569 3383 ad
597 3307 815 3382 Catholicos
840 3307 990 3402 attinet,
1010 3313 1340 3384 sacramentorum
1367 3311 1440 3384 fre-

326 3438 525 3538 quentatio
551 3445 662 3513 tanta
688 3438 751 3512 hic
777 3445 846 3532 est,
872 3445 916 3513 ut
943 3440 1068 3538 major
1095 3439 1198 3515 inter
1226 3441 1439 3539 Europaeos

328 3595 398 3669 pro
442 3594 604 3644 numero
640 3568 927 3643 Catholicorum
971 3594 1048 3644 non
1084 3569 1146 3646 sit.
1215 3571 1440 3646 Catecheses

327 3723 398 3798 pro
426 3697 651 3772 rudioribus
678 3704 717 3773 et
745 3699 947 3775 Lectiones
974 3699 1227 3776 Catecheticae
1254 3726 1326 3799 pro
1353 3726 1439 3800 pro-

327 3827 562 3903 vectioribus
589 3825 734 3901 habitae
760 3827 927 3925 singulis
954 3827 1190 3922 Dominicis3
1220 3829 1328 3904 festis
1350 3853 1440 3904 vero

327 3956 464 4032 diebus
498 3954 698 4030 conciones
733 3957 821 4030 rard
861 3957 1148 4054 praetermissae.
1227 3958 1370 4057 AEgros
1404 3963 1442 4033 et
