3348 5346
871 467 945 542 110

350 683 407 742 toti
422 684 539 760 regioni
554 684 637 762 prins
652 685 828 762 imperabat,
845 691 875 744 ct
889 686 1010 745 transiit
1030 687 1086 744 snb
1101 685 1198 762 Regis
1213 685 1346 744 strictius
1361 683 1465 742 Domi-

351 791 432 850 ninm
447 792 508 852 sire
523 793 723 870 mancipium3
746 794 798 852 sed
813 812 832 852 a
846 795 967 854 comitio
984 795 1164 854 Provinciali
1180 795 1381 873 (Assembly).

390 901 447 962 Ille
468 909 589 963 senatus
611 904 784 982 Georgium,
807 905 950 982 qnoniam
972 912 1037 965 crat
1059 906 1245 979 GatholicnS,
1266 907 1354 965 bonis
1375 907 1465 963 inter-

351 1009 430 1070 dixit
444 1011 474 1070 in
489 1012 630 1089 Virginit
645 1014 863 1092 comparandis,
879 1015 1033 1092 vetuitque
1048 1015 1149 1074 sedem
1168 1016 1230 1074 illic
1244 1015 1344 1092 ligere,
1360 1015 1419 1072 nisi
1432 1013 1463 1070 in

351 1119 536 1196 spiritualem
558 1121 654 1198 Regis
669 1122 792 1198 Angliae
814 1123 983 1182 Primatum
1000 1126 1126 1200 juraret,
1143 1125 1307 1201 eodemque
1329 1142 1393 1182 sese
1414 1123 1466 1181 ob

349 1229 532 1306 stringerent
555 1237 741 1290 sacramento
763 1233 826 1306 ejus
851 1250 994 1309 sequaces
1016 1233 1167 1294 catholici.
1222 1233 1339 1292 Reunit
1370 1233 1462 1292 Geor·

351 1337 428 1414 gina,
444 1345 475 1398 et
489 1339 589 1398 animo
603 1357 634 1398 se
648 1340 796 1399 convertit
811 1340 851 1399 ad
872 1340 958 1400 littus
980 1341 1110 1402 fluminis
1132 1342 1325 1402 Patowmeck
1338 1349 1464 1418 septem-

350 1447 479 1507 trionale
494 1447 720 1525 explorandum,
736 1449 968 1527 adJacentcsque
989 1451 1128 1527 regiones
1149 1451 1174 1510 si
1195 1452 1271 1510 torte
1292 1451 1387 1522 laetas,
1402 1451 1461 1508 iru·

351 1573 482 1632 gumque
497 1556 609 1615 feraces
623 1573 712 1632 egros
727 1557 882 1630 inveniret,
899 1559 938 1622 ad
959 1577 1034 1636 quas
1048 1561 1204 1618 commode
1224 1565 1327 1638 posset
1341 1559 1461 1618 colonos

351 1666 486 1739 educere,
501 1673 532 1726 et
546 1667 606 1726 illic
620 1667 738 1744 quietas
754 1668 919 1729 Catholicis
937 1669 1021 1728 sedes
1036 1669 1178 1729 stabilire.

391 1777 534 1852 Quamvis
549 1777 627 1836 enim
641 1783 789 1836 terrarum
803 1783 928 1849 tractus,
941 1779 993 1855 qui
1007 1781 1113 1855 posteat
1127 1776 1327 1854 Marylandiae
1342 1749 1460 1834 nomine

350 1885 486 1964 insigniti
497 1897 575 1960 eunt,
586 1885 735 1963 Virginiae
750 1887 820 1945 olim
832 1889 850 1945 h
860 1887 882 1946 J
885 1887 978 1946 acobo
995 1889 1028 1945 1⁰
1041 1887 1153 1946 luerint
1167 1885 1315 1958 attributi,
1329 1883 1461 1942 extincte

349 2001 451 2054 tamen
465 1995 607 2056 societate
619 2002 816 2055 mercatorum
830 1996 939 2073 quibus
950 2001 1045 2054 terras
1059 1996 1135 2069 illas,
1146 1995 1336 2071 ntVirginiae
1344 1999 1460 2070 partem

350 2109 545 2177 concesserat,
561 2104 598 2163 de
613 2104 731 2182 integro
751 2111 852 2164 tamen
873 2105 905 2162 in
926 2104 1022 2182 Regis
1039 2111 1220 2182 potestatem
1236 2105 1336 2162 denno
1350 2103 1461 2161 cecide-

351 2222 429 2289 rant,
445 2234 533 2293 quem
547 2218 639 2294 penes
653 2223 726 2276 tnnc
740 2223 806 2276 erat
819 2217 886 2276 illas
901 2217 1024 2276 cuilibet
1038 2235 1093 2294 pru
1107 2218 1195 2280 libitu
1210 2234 1265 2274 suo
1279 2215 1393 2292 largiri.

391 2327 463 2386 Non
485 2333 604 2386 constat
628 2327 757 2404 quidem,
784 2332 819 2390 ut
841 2327 884 2389 ait
907 2327 1042 2390 Burman
1065 2326 1129 2386 ulla
1152 2327 1314 2399 bominum,
1336 2326 1460 2402 scripto·

349 2454 452 2496 rumve
467 2436 617 2508 memoria,
629 2435 802 2512 Georgium,
814 2438 975 2512 postquhm
985 2435 1128 2511 Virginia
1143 2436 1336 2506 abscesserat,
1349 2435 1407 2493 iter
1422 2434 1461 2492 ad

350 2547 592 2625 septemtrionem
607 2546 723 2605 flexisse
738 2553 768 2605 et
783 2545 862 2604 sinui
877 2545 1072 2622 Gbesapcalre
1086 2546 1226 2622 illapsum
1242 2563 1314 2617 csse,
1330 2551 1366 2604 ut
1380 2545 1460 2602 illius

342 2656 475 2729 'accolas
497 2656 544 2715 vel
567 2673 655 2732 agros
677 2655 857 2716 observaret.
901 2654 991 2713 Hanc
1011 2660 1113 2714 tamen
1135 2655 1381 2731 explorationem,
1405 2672 1460 2731 pro

350 2767 512 2846 prudentia
526 2766 623 2826 viriet
637 2766 771 2837 oonsilio,
782 2764 864 2842 quod
879 2770 978 2824 mente
989 2765 1115 2842 gerebat
1129 2765 1213 2826 illum
1225 2783 1288 2824 cam
1301 2783 1361 2824 non
1376 2783 1461 2841 opor-

313 2951 317 2957 ,
350 2879 411 2939 tuit
425 2877 571 2936 omittere.
590 2875 775 2952 atquioquid
787 2873 882 2946 idest,
893 2875 956 2950 jam
967 2874 1098 2934 redierat
1111 2875 1143 2932 in
1154 2875 1299 2951 Angliam
1310 2893 1357 2933 an.
1372 2877 1460 2946 1631,

351 2994 382 3048 et
395 2986 525 3063 petierat
543 2987 561 3044 t
579 2984 666 3060 Rege
682 2982 792 3044 Garolo
809 2985 840 3040 l⁰
854 2983 911 3041 sibi
925 2983 1045 3062 suisque
1060 2983 1183 3042 concedi
1199 2983 1377 3060 Regionem,
1393 3002 1461 3060 qnae

352 3101 370 3157 a
384 3097 504 3156 flumine
519 3093 711 3154 Patowmeck
725 3093 822 3169 vergit
835 3092 875 3151 ad
890 3091 1150 3170 Septemtrioucm.

392 3207 504 3267 Utrirm
526 3203 675 3281 Georgius
698 3203 795 3280 primo
816 3203 868 3262 illo
889 3203 1005 3275 itinere,
1028 3204 1198 3262 sacerdotes
1219 3203 1276 3261 sibi
1297 3203 1460 3263 catholicos

352 3316 531 3396 adjunxerit,
554 3333 614 3374 non
637 3319 721 3372 extat
743 3313 901 3389 memorib3
932 3319 1066 3376 attamen
1094 3313 1125 3372 id
1152 3313 1257 3390 procul
1285 3283 1378 3374 dubio
1401 3332 1460 3372 non

353 3426 493 3488 omiserit.

393 3693 401 3708 .
426 3691 433 3706 .
458 3691 465 3705 .
491 3645 543 3704 An
558 3641 751 3719 cyewitness.
773 3684 782 3700 .
804 3685 811 3700 .
837 3687 843 3700 .
865 3640 935 3704 Itis
951 3640 1159 3704 evidenttrom
1174 3639 1242 3712 this,
1258 3639 1326 3699 that
1341 3640 1460 3717 Georgo

351 3755 460 3816 visited
480 3751 631 3828 Virginia,
656 3751 757 3810 before
778 3750 815 3808 hc
837 3751 958 3826 applied
983 3756 1015 3808 to
1040 3749 1174 3818 Obarlcs,
1188 3749 1239 3808 tbe
1265 3749 1348 3808 First
1369 3751 1415 3808 for
1444 3769 1462 3808 a

352 3873 442 3946 grant
463 3863 496 3922 01
520 3861 691 3938 Maryland,
716 3860 746 3917 in
775 3859 827 3919 tbc
854 3877 926 3936 year
950 3862 1036 3919 1633.
1095 3858 1180 3917 Burlr
1205 3859 1268 3917 also
1296 3859 1351 3918 has
1379 3878 1460 3920 more

350 3973 483 4050 recently
504 3971 640 4030 asserted
660 3970 720 4029 this
741 3970 772 4027 in
793 3968 839 4028 his
860 3969 974 4046 history
995 3969 1029 4028 01
1049 3969 1200 4046 Virginis,
1223 3987 1262 4027 on
1283 3970 1334 4028 the
1356 3971 1461 4030 autho-

350 4087 410 4165 rity
432 4083 465 4142 01
487 4099 505 4139 a
525 4079 715 4156 Manuscript
737 4078 863 4140 entitled
887 4078 1039 4138 “Ancicnt
1063 4060 1237 4152 Records;”
1265 4078 1325 4137 this
1354 4079 1462 4137 Manu-

349 4197 443 4274 script
454 4191 579 4255 Golonel
591 4189 675 4266 Byrd
688 4189 749 4253 had
760 4189 850 4248 taken
862 4189 937 4246 from
952 4189 1003 4247 the
1016 4188 1172 4260 ArchiveS,
1183 4187 1268 4246 when
1278 4189 1329 4247 the
1345 4207 1458 4266 enemy,

350 4319 382 4369 at
402 4307 454 4368 the
468 4303 540 4366 time
555 4301 589 4366 01
606 4300 657 4360 the
672 4299 887 4372 disturbauces,
905 4299 998 4358 about
1018 4298 1070 4358 the
1084 4316 1155 4375 year
1172 4299 1259 4370 1118,
1276 4317 1351 4358 were
1366 4318 1462 4376 carry·
1494 4348 1497 4353 .

349 4421 403 4494 ing
417 4416 459 4475 off
476 4413 528 4478 tbe
543 4411 593 4474 old
614 4410 742 4475 recorda.
787 4409 832 4473 Το
847 4409 897 4473 the
912 4427 993 4473 same
1008 4409 1094 4471 effect
1108 4409 1252 4470 Burman.
1298 4409 1383 4471 Burk
1397 4409 1460 4467 aleo
