3348 5346
877 507 926 580 34

344 773 437 844 runt
477 767 545 842 ilia
585 765 734 864 posticd
773 770 884 863 parte
923 762 1090 840 affluere.
1159 761 1287 838 Tertio
1329 767 1459 835 autem

346 895 527 994 Augusti,
569 893 842 969 intestinorum
879 891 1053 990 segmina
1092 891 1252 988 majora,
1294 915 1459 988 quorum

345 1026 428 1099 haec
446 1026 597 1122 pedem,
616 1022 687 1096 illa
711 1020 990 1120 sesquipedem,
1010 1019 1088 1094 ulia
1108 1026 1187 1094 tres
1208 1021 1325 1117 pedes
1343 1019 1461 1116 longa

346 1155 464 1246 fuere,
487 1151 717 1227 furibundus
742 1157 781 1224 et
802 1149 960 1248 rugiens
985 1148 1105 1247 ejecit.
1158 1149 1329 1238 Quartus
1353 1147 1458 1223 deni-

345 1306 419 1379 que
461 1279 543 1354 dies
579 1279 771 1354 sentinam
811 1285 935 1352 totam
970 1277 1157 1370 exhausit,
1194 1277 1248 1352 sic
1282 1283 1326 1351 ut
1360 1275 1459 1350 nihil

344 1415 487 1506 praeter
515 1409 706 1483 abdomen
737 1407 853 1482 inane
884 1413 923 1482 et
949 1432 1115 1482 vacuum
1145 1406 1285 1504 reliqui
1315 1403 1458 1480 fecerit.

347 1537 462 1612 Diem
497 1544 629 1611 tamen
668 1535 848 1634 quintum
889 1541 1084 1632 superstes
1125 1533 1312 1609 orientem
1347 1531 1458 1623 vidit,

344 1669 499 1765 quando
528 1665 660 1740 videre
691 1671 730 1739 et
756 1663 888 1738 vivere
918 1663 1054 1738 infelix
1083 1664 1209 1756 desiit,
1236 1663 1457 1761 exemplum

343 1793 508 1892 posteris
543 1793 718 1868 futurum
744 1791 927 1870 vindicte
962 1791 1106 1870 divinae
1141 1791 1324 1867 mortales
1355 1816 1456 1865 com·

345 1923 554 1998 monentis:
593 1921 756 1997 “discite
782 1921 977 2019 justitiam
1013 1922 1152 1997 moniti
1187 1930 1226 1997 et
1256 1948 1333 1997 non
1361 1929 1457 1996 tem·

345 2078 435 2127 nere
462 2052 607 2126 divos.”
653 2051 834 2125 Defunoti
861 2051 1045 2126 intestina
1071 2054 1122 2126 ad
1147 2053 1279 2150 plures
1306 2076 1458 2125 menses

344 2182 365 2255 b
391 2181 491 2280 palis
513 2206 701 2278 suspensa
726 2179 922 2255 innumeri
946 2189 1227 2280 spectaverunt,
1247 2181 1372 2256 adbuc
1396 2206 1457 2255 su·

343 2309 539 2407 perstites:
576 2309 678 2383 inter
704 2335 799 2408 quos
825 2317 864 2384 et
889 2310 956 2385 ille
982 2311 1048 2410 qui
1073 2311 1341 2386 testimonium
1371 2337 1457 2409 per·

343 2436 471 2512 hibuit
495 2439 542 2511 de
568 2437 641 2530 his,
664 2445 703 2512 et
728 2437 848 2512 oculis
874 2438 985 2532 vidit,
1004 2447 1044 2514 et
1069 2439 1250 2515 manibus
1275 2440 1459 2515 tractavit

344 2565 574 2664 nigricantis
596 2573 634 2641 et
655 2566 765 2665 quasi
786 2566 957 2642 flammis
979 2571 1118 2644 adusta
1134 2569 1283 2644 viscera
1306 2571 1456 2644 moder-

344 2696 384 2770 ui
411 2697 526 2794 hujus
553 2697 578 2770 J
582 2699 677 2789 udae,
700 2696 766 2795 qui
795 2705 834 2772 et
863 2697 946 2796 ipse
973 2723 1182 2796 suspensus
1209 2697 1353 2797 eripuit
1377 2723 1456 2772 rne-

344 2825 430 2899 dius
457 2833 496 2900 et
521 2827 642 2900 effusa
667 2833 758 2900 sunt
784 2825 915 2901 omnia
940 2826 1086 2901 viscera
1112 2827 1205 2924 ejus

394 2957 442 3028 A.
458 2955 506 3029 D.
526 2955 634 3032 1671.
687 2954 825 3028 Missio
853 2953 1124 3054 Marylandica
1150 2961 1315 3053 quatuor
1340 2955 1458 3029 habet

343 3084 559 3158 sacerdotes
580 3090 619 3158 et
639 3083 880 3180 coadjutores
901 3083 1134 3181 temporales
1157 3085 1265 3158 duce.
1317 3083 1456 3158 Missio

343 3210 424 3283 haec
450 3212 634 3310 prospere
658 3211 836 3303 succedit,
856 3217 900 3289 ut
922 3236 969 3285 ex
994 3211 1182 3308 proximis
1203 3210 1328 3286 literis
1354 3237 1455 3286 acce·

343 3339 483 3438 pimus,
503 3348 542 3415 et
565 3367 729 3416 messem
750 3342 869 3418 refert
886 3366 964 3416 non
986 3340 1230 3432 mediocrem,
1250 3340 1454 3438 majorem·

343 3492 417 3564 quc
440 3470 628 3562 redderet,
651 3468 684 3543 si
705 3469 837 3567 plures
863 3470 954 3567 (98.)
977 3494 1063 3543 eam
1084 3469 1254 3543 colerent
1275 3467 1454 3566 operarii.

343 3595 404 3669 Ex
424 3595 472 3670 iis
496 3597 562 3695 qui
584 3597 861 3695 posterioribus
883 3597 996 3674 annis
1020 3622 1063 3671 eo
1088 3595 1197 3670 missi
1221 3603 1323 3689 suut,
1342 3596 1455 3694 pauci

342 3727 552 3799 admodum
578 3733 795 3823 supersunt,
818 3726 978 3824 reliquis
1004 3727 1138 3800 funere
1165 3724 1339 3817 sublatis,
1362 3750 1453 3823 quo·

342 3877 430 3926 rum
449 3879 469 3927 e
492 3879 652 3927 numero
673 3854 745 3927 hoc
769 3880 870 3928 anno
892 3856 997 3929 fuere
1019 3854 1063 3928 P.
1083 3853 1303 3928 Gulielmus
1327 3853 1453 3928 Pella·

342 4007 440 4074 muS,
460 3989 498 4056 et
519 3982 686 4056 Thomas
708 3983 951 4057 Sherbornus
972 3983 1093 4079 coadj.
1112 3981 1352 4080 temporalis.
1405 3982 1453 4056 ln

341 4112 413 4185 hac
447 4110 631 4186 missione
666 4111 821 4185 adducti
857 4118 948 4186 sunt
982 4113 1031 4185 ad
1066 4110 1306 4186 Catholicam
1336 4112 1454 4185 fidem

341 4239 632 4339 quinquaginta,
648 4267 669 4315 e
687 4240 825 4338 quibus
844 4239 959 4315 multi
977 4239 1176 4338 primariae
1194 4245 1306 4314 notae.
1352 4240 1454 4336 Bap-

341 4369 449 4444 tizati
471 4394 562 4443 vero
581 4368 862 4467 quinquaginta
880 4375 1055 4467 quatuor,
1075 4375 1114 4443 et
1131 4367 1272 4466 viginti
1291 4375 1455 4466 acceptae

342 4496 597 4572 confessiones
617 4497 838 4571 Generales
