3348 5346
826 523 899 598 106

348 783 354 796 .
378 783 384 796 .
409 784 414 796 .
438 737 511 798 This
526 737 612 816 place
627 757 754 816 appears
769 740 798 797 in
814 741 865 799 the
881 747 982 800 recent
996 741 1095 818 Maps,
1111 741 1207 800 under
1221 741 1272 800 the
1287 757 1373 798 name
1389 738 1424 796 of

308 845 386 906 Now
402 849 625 925 Marlborough
641 867 674 908 or
694 826 918 927 Marlborough
939 853 1042 911 Point.
1087 851 1128 911 So
1143 852 1280 911 Bernard
1295 850 1420 926 Ulysses

309 955 476 1032 Gumpbell,
493 957 564 1036 llsq.
581 964 674 1018 statos
693 959 723 1016 in
744 959 795 1018 the
817 959 1036 1037 Metropolitum
1052 961 1190 1022 catholic
1205 961 1354 1021 Almanac
1373 959 1419 1017 for

307 1065 358 1124 the
372 1085 443 1142 year
460 1069 555 1144 18413
578 1069 637 1127 and
651 1069 711 1128 this
726 1069 751 1126 is
766 1069 927 1129 confirmed
941 1072 980 1148 by
994 1072 1074 1148 good
1089 1071 1273 1130 authorities

348 1458 405 1536 (I)
429 1458 463 1516 P.
483 1460 531 1518 33.
553 1504 559 1516 .
583 1503 589 1518 .
614 1503 619 1516 .
643 1457 795 1534 Puerique
812 1459 898 1518 vices,
922 1505 928 1519 .
952 1503 959 1518 .
986 1501 993 1517 .

345 1724 353 1739 .
377 1724 383 1738 .
408 1725 415 1738 .
438 1679 511 1738 And
527 1679 598 1740 took
613 1679 658 1736 his
673 1679 767 1755 placo.
791 1725 797 1738 .
821 1724 855 1740 ..

306 1903 1414 1914 -——-——-—-—-——-————-*—-—-——--—-——-·————-

346 2066 419 2143 (K.)
433 2066 467 2125 P.
481 2069 527 2126 36.
541 2109 567 2124 ..
581 2064 687 2124 Sinum
699 2085 790 2126 unum
803 2113 809 2127 .
823 2048 831 2126 ‚⁵
843 2113 849 2125 .
863 2067 1418 2139 11111111011111111111134,οοι1ο-

305 2175 344 2233 sit
356 2192 441 2251 aquae
456 2174 500 2232 vis
515 2174 660 2250 quasdam
675 2175 808 2251 riparum
820 2176 950 2237 fluminis
964 2183 1074 2252 partes¹
1119 2177 1158 2235 Id
1172 2183 1257 2254 patet
1271 2180 1301 2235 l⁰
1316 2195 1353 2235 111
1368 2177 1419 2234 ad-

305 2283 458 2341 notatione
471 2283 505 2340 F.
523 2283 598 2358 Pag.
614 2285 747 2342 104-20
761 2301 798 2346 cx
810 2284 993 2363 inspectione
1005 2285 1063 2343 loci
1075 2286 1153 2344 Fort
1160 2288 1252 2362 point
1262 2285 1292 2342 in
1303 2285 1417 2362 praedio

305 2392 344 2450 ad
361 2392 452 2453 Sciat
474 2392 608 2468 Ioipoee,
626 2393 677 2450 ubi
699 2392 877 2456 Leonardus
900 2395 1022 2455 Calvert
1043 2397 1199 2455 castellum
1221 2397 1419 2455 communire·

303 2508 360 2572 rat,
373 2501 452 2577 quod
468 2500 608 2560 haustum
623 2502 681 2560 fuit
692 2521 758 2560 cum
771 2503 905 2579 ipsismet
919 2505 1075 2563 tormentis
1089 2505 1204 2566 bellicis
1219 2507 1263 2564 10.
1276 2505 1321 2564 vel
1339 2507 1418 2564 12-

305 2611 455 2687 Depresso
468 2613 538 2668 111ὸ
560 2611 591 2668 in
606 2616 709 2688 arent,
724 2619 754 2671 et
769 2620 875 2694 operta
889 2621 964 2674 aestn
979 2621 1138 2688 crescente,
1155 2615 1256 2693 orgyis
1270 2615 1337 2694 plus
1352 2633 1418 2672 cen·

303 2727 368 2780 tum
389 2725 407 2779 11
427 2721 537 2794 1111111,
553 2727 667 2798 septem
689 2724 821 2782 extraxit
842 2724 934 2782 Pater
955 2724 1108 2804 Josephus
1131 2725 1272 2802 Oarbery,
1289 2725 1327 2782 ad
1349 2742 1416 2800 quae

303 2832 418 2890 facilior
432 2833 557 2908 putebat
572 2850 717 2905 accessus,
733 2835 869 2911 quamvis
890 2853 981 2892 unum
995 2835 1042 2894 vel
1062 2836 1190 2894 alterum
1204 2836 1236 2893 in
1255 2836 1416 2897 altitudine

304 2945 350 3000 20.
367 2941 478 3018 pedum
488 2943 612 3016 jaceret.
659 2940 692 3001 Si
708 2943 738 2999 in
754 2961 813 3000 uno
828 2943 925 3003 solum
939 2943 1013 3017 loco,
1026 2945 1138 3004 invasit
1153 2963 1233 3022 aqua
1247 2951 1293 3004 tot
1307 2962 1415 3021 orgyas

303 3061 390 3112 torrae
419 3053 518 3124 firmm,
543 3053 650 3130 quidni
678 3053 756 3112 circa
784 3055 921 3114 Herone
945 3056 1060 3115 Island
1084 3057 1124 3115 ad
1150 3057 1181 3116 S.
1206 3054 1414 3118 Clementem?

305 3164 418 3238 Quidni
439 3163 518 3222 circii
542 3165 644 3239 l'iney
660 3166 759 3240 potul,
783 3171 814 3223 et
834 3165 968 3224 canalem
990 3167 1069 3224 inter
1088 3167 1217 3226 insulam
1238 3167 1415 3225 hodiernam

304 3274 352 3334 gn.
374 3275 506 3352 Georgii,
529 3280 685 3350 totumque
707 3275 791 3333 littus
813 3294 907 3353 usque
930 3277 969 3336 ud
994 3277 1116 3354 Olrecry
1132 3279 1232 3358 point,
1256 3277 1418 3354 amplifica-

301 3386 383 3444 tione
402 3384 545 3456 littorum,
562 3402 599 3442 cx
613 3383 695 3441 humi
711 3383 832 3443 aliunde
854 3385 965 3444 corrosi
987 3404 1115 3444 accessu.
1160 3387 1252 3445 Forte
1273 3386 1417 3446 111111111-

301 3514 382 3572 pore,
396 3496 505 3554 ostinm
520 3497 618 3566 siuas,
635 3513 723 3570 quem
738 3495 866 3572 scriptor
879 3502 968 3554 vocat
985 3496 1032 3558 gn
1046 3497 1182 3573 Georgii,
1197 3497 1312 3558 aditum
1327 3497 1417 3556 habe·

302 3605 356 3662 bat
377 3603 479 3662 statim
500 3605 518 3660 h
540 3604 642 3680 Pioey
657 3604 759 3675 Poiut,
776 3609 806 3663 et
827 3605 939 3663 canalis
962 3605 1059 3664 dictus
1081 3623 1180 3682 supra,
1196 3625 1275 3664 nuno
1297 3607 1415 3683 magnis

302 3714 428 3772 navibus
442 3713 610 3789 impervius
626 3713 661 3770 iis
676 3715 809 3789 patebat.
853 3713 970 3773 Militat
984 3733 1038 3792 pro
1053 3715 1109 3773 hac
1130 3716 1288 3792 hypothesi
1303 3735 1412 3774 nomen

304 3823 351 3884 gu.
368 3823 493 3899 Georgii
514 3823 595 3899 quod
616 3823 778 3882 hodiedirm
799 3825 857 3883 iert
878 3825 974 3883 minor
995 3825 1045 3882 ille
1063 3825 1153 3897 sinus,
1173 3826 1225 3902 qui
1245 3827 1359 3902 primus
1375 3826 1415 3884 ad

302 3935 407 3992 laevam
429 3933 531 4007 Pincy
548 3934 639 4009 point
664 3933 802 4004 occurrit,
825 3935 889 3992 thm
912 3934 1025 3992 canulis
1048 3935 1085 3992 de
1111 3953 1170 4010 quo
1192 3938 1289 4012 supra.

345 4044 427 4103 Hinc
437 4043 567 4100 intratur
578 4043 609 4099 in
624 4043 720 4101 sinum
736 4044 877 4118 majorem
892 4061 980 4120 quem
991 4044 1151 4120 peregrini,
1165 4045 1254 4103 etium
1266 4042 1313 4103 Sl·
1323 4044 1415 4104 Geor-

302 4156 345 4233 gii
360 4155 471 4226 dixero,
484 4153 536 4211 sed
552 4153 612 4229 qui,
625 4159 741 4212 mutato
757 4173 836 4212 nnnc
850 4154 978 4226 nomine,
992 4155 1101 4214 dieitur
1119 4154 1179 4216 S'oe·
1194 4157 1316 4227 Mariae,
1329 4158 1414 4232 aeque

302 4285 336 4324 ac
351 4265 433 4324 sinus
449 4263 508 4322 Sioe·
521 4261 628 4320 Mariae
643 4262 766 4321 interior
780 4281 883 4321 versus
899 4263 1077 4340 aquilonem,
1095 4269 1125 4322 et
1140 4264 1219 4323 ultril
1234 4262 1283 4324 gn.
1297 4263 1414 4340 Ignatii

301 4376 418 4434 fretum.
465 4373 546 4448 Quid
561 4373 689 4449 insuper,
706 4373 731 4431 si
746 4373 892 4432 hodierna
906 4373 1004 4431 insula
1020 4371 1067 4432 gu.
1079 4373 1211 4450 Georgii,
1226 4391 1328 4450 parvo,
1341 4379 1413 4431 tunc

301 4483 443 4560 temporis
466 4481 568 4553 fuerit,
589 4501 655 4558 quae
680 4489 807 4558 aggestu
831 4483 894 4540 limi
917 4483 1011 4542 crevit
1033 4489 1064 4542 et
1088 4501 1255 4542 arenarum.
1301 4483 1338 4541 In
1361 4483 1414 4540 illa
