3348 5346
851 525 899 598 14

319 777 463 854 lentius
491 779 619 854 efferri
654 778 955 856 animadvertas,
1014 783 1306 859 Aerumnaru'm
1337 779 1435 879 pati·

321 906 516 982 entissimi
539 914 646 982 sunt:
674 915 939 1008 contemptum
961 909 1200 1009 injuriasque
1221 909 1332 984 facile
1350 933 1436 982 con-

323 1041 504 1134 coquunt,
527 1037 641 1110 modo
668 1036 763 1111 citra
787 1037 880 1112 vitae
907 1037 1113 1113 discrimen
1139 1039 1222 1113 haec
1248 1033 1436 1111 steterint.

324 1163 438 1238 ldola
471 1163 534 1238 vel
566 1163 675 1238 nulla
708 1165 771 1240 vel
806 1191 895 1240 rara
929 1167 1084 1260 habent,
1115 1191 1281 1265 quorum
1315 1163 1436 1239 cultui

325 1317 562 1390 magnopere
586 1292 833 1368 addicuntur:
862 1317 985 1392 neque
1006 1296 1112 1392 apud
1135 1319 1199 1369 eos
1221 1295 1436 1368 sacerdotes

325 1425 393 1494 aut
426 1420 570 1519 Mystae
605 1427 705 1514 sunt,
733 1422 783 1495 ad
818 1447 913 1520 quos
948 1447 995 1496 ex
1028 1421 1205 1496 instituto
1240 1445 1437 1496 sacrorum

325 1554 475 1646 spectat
497 1548 728 1647 procuratio,
751 1550 929 1648 quamvis
954 1575 1031 1625 non
1059 1550 1187 1626 desint
1211 1549 1278 1648 qui
1304 1573 1435 1646 super·

325 1675 501 1750 stitiones
531 1676 838 1775 interpretantur
868 1686 907 1753 ct
940 1679 1085 1778 populo
1115 1679 1333 1770 venditant;
1368 1679 1437 1752 sed

325 1812 363 1879 et
393 1804 434 1878 hi
464 1804 506 1878 in
531 1805 672 1904 vulgus
704 1807 811 1881 nullo
843 1813 934 1882 sunt
961 1833 1134 1883 numero.
1186 1808 1321 1882 Unum
1349 1804 1436 1880 coeli

327 1934 454 2008 Deum
484 1933 526 2008 in
557 1935 728 2009 confesso
758 1935 913 2028 habent,
941 1936 1154 2011 diffitentur
1181 1944 1313 2011 tamen
1341 1934 1437 2008 scire

326 2063 458 2160 sequi
484 2063 678 2156 colendus,
697 2064 765 2162 qui
790 2064 1039 2139 honorandus
1061 2063 1127 2138 sit:
1156 2089 1202 2139 ex
1227 2088 1302 2162 quo
1326 2063 1370 2136 fit
1393 2068 1437 2135 ut

326 2191 550 2289 hujusmodi
585 2190 785 2267 scientiam
820 2193 1067 2268 edocentibus
1104 2192 1234 2268 faciles
1269 2215 1435 2265 commo·

326 2322 419 2395 dent
446 2346 569 2395 aures.
623 2321 727 2395 Raro
757 2320 837 2395 illis
868 2321 909 2395 in
939 2329 1110 2396 mentem
1136 2319 1244 2395 venit
1277 2319 1435 2392 immor-

325 2449 487 2523 talitatis
509 2449 661 2543 animae,
683 2475 864 2525 rerumve
886 2476 908 2524 a
929 2457 1054 2524 morte
1075 2450 1181 2524 obita
1203 2451 1435 2524 futurarum.

325 2576 366 2651 si
407 2579 560 2675 quando
595 2585 727 2652 tamen
767 2578 858 2677 (73.)
896 2577 1129 2676 magistrum
1165 2576 1331 2652 dilucide
1365 2576 1437 2649 hoe

208 2703 214 2714 “
325 2706 591 2780 enucleantem
627 2705 907 2798 nanciscantur,
943 2712 1181 2804 perattentos
1216 2705 1330 2802 juxta
1370 2706 1435 2778 do-

324 2833 490 2933 cilesque
512 2861 553 2910 se
576 2837 767 2933 praebent:
795 2843 834 2909 et
851 2861 941 2909 mox
959 2837 1009 2910 ad
1027 2833 1169 2909 animae
1186 2859 1318 2908 curam
1336 2832 1436 2906 serio

325 2970 613 3056 convertuntur,
637 2962 810 3060 prompti
837 2963 970 3062 utique
996 2964 1046 3062 ad
1072 2988 1117 3037 ea
1142 2962 1437 3059 paranda,.qum

326 3093 377 3166 ad
402 3091 576 3188 ejusdem
603 3091 769 3165 salutem
795 3091 918 3165 facere
944 3089 1217 3165 intellexerint.
1271 3089 1437 3164 Ratione

325 3219 436 3294 facile
476 3221 679 3312 ducuntur,
716 3244 785 3293 nec
819 3244 1020 3293 assensum
1054 3217 1288 3316 pertinacius
1323 3217 1436 3292 susti·

326 3355 420 3424 nent
457 3374 480 3422 a
514 3373 605 3422 vero
646 3347 844 3445 proposito
883 3346 1129 3422 credibiliter.
1200 3347 1296 3420 Haec
1330 3346 1437 3444 genti

327 3479 462 3552 innata
485 3476 635 3551 indoles
659 3475 888 3574 opportunis
913 3475 1057 3550 divinae
1083 3475 1220 3574 gratiae
1243 3474 1436 3574 praesidiis

326 3605 538 3697 sublevata,
566 3629 675 3702 spem
703 3603 795 3678 facit
822 3603 1077 3701 optatissimae
1103 3602 1311 3701 aliquando
1338 3627 1435 3676 mes-

326 3735 390 3827 sis,
418 3759 563 3831 nosque
592 3733 818 3808 adlabores
847 3733 888 3806 in
916 3733 988 3807 hac
1013 3732 1128 3806 vinea
1157 3731 1437 3806 continuandos

328 3884 573 3958 summopere
608 3859 766 3933 animat.
835 3861 965 3957 Atque
1000 3861 1135 3934 eadem
1173 3860 1353 3957 profecto,
1389 3858 1437 3933 iis

328 3989 508 4065 omnibus
532 3987 780 4063 incitamento
803 4015 884 4063 esse
903 3988 1067 4082 debebit,
1087 3989 1153 4087 qui
1176 3989 1437 4086 inposterum

330 4120 402 4196 Dei
424 4126 521 4194 nutu
539 4117 800 4216 supplementi
818 4125 885 4193 aut
903 4117 1037 4192 auxilii
1059 4118 1134 4191 huc
1156 4119 1206 4192 ad
1227 4143 1296 4192 nos
1314 4125 1437 4192 trans·

330 4248 518 4324 miserint.
