3402 5360
849 521 897 598 18

316 762 501 837 prospero
530 738 596 814 usi·
626 763 773 814 sumus
841 737 1086 816 'Verebamur
1116 739 1271 830 Turbae,
1302 735 1431 811 nullos

315 876 448 944 tamen
476 869 686 946 habuimus
702 869 858 946 obvios:
887 877 1114 968 receperant
1134 895 1175 945 se
1201 870 1364 944 fortasse
1381 867 1432 940 ad

317 997 489 1074 solemne
510 998 706 1098 jejunium
733 1002 837 1098 quod
858 1000 941 1097 jam
1169 1004 1310 1074 vocant
1336 995 1432 1070 eele-

317 1127 530 1218 brandum;
566 1126 745 1202 inillam
777 1125 882 1202 enim
911 1125 1004 1202 anni
1034 1122 1431 1225 tempestateminei·

318 1257 444 1334 debat.
498 1256 749 1332 Praeterveeti
775 1263 905 1332 autem
933 1257 1095 1332 Fretum
1127 1255 1368 1332 Herculeum
1394 1259 1433 1328 et

319 1385 514 1479 Maderas‚
544 1393 583 1462 et
611 1385 738 1461 ventis
766 1387 788 1460 a
818 1385 943 1484 puppi
970 1385 1058 1460 vela
1088 1383 1318 1460 inflantibus
1349 1382 1432 1483 (qui

319 1538 396 1588 non
426 1514 510 1612 jam
546 1512 648 1612 vagi,
685 1514 753 1589 sed
787 1515 837 1589 ad
881 1491 1057 1589 austrum
1093 1521 1132 1589 et
1165 1513 1329 1610 africum
1365 1509 1432 1610 qui

320 1650 451 1718 noster
477 1649 561 1718 erat
586 1667 722 1718 cursus
745 1643 965 1740 constanter
991 1643 1142 1742 sedent)
1165 1645 1433 1740 apparuerunt

318 1780 398 1848 tres
425 1799 544 1848 naves
570 1797 737 1872 quarum
764 1797 842 1848 una
869 1779 1040 1848 nostram
1069 1773 1171 1848 mole
1201 1771 1431 1871 superabat3

321 1901 470 1980 distare
501 1910 632 1978 autem
659 1901 894 1978 videbantur
920 1904 970 1977 ad
1004 1909 1083 1977 tres
1117 1901 1270 1978 eiroiter
1303 1901 1432 1976 leucas

323 2033 478 2131 (novem
506 2029 708 2130 milliaria)
739 2029 876 2104 verens
903 2028 1152 2124 occidentem,
1171 2038 1211 2106 et
1237 2029 1348 2104 nobis
1366 2029 1431 2102 ob·

319 2161 425 2236 viam
461 2161 612 2236 conari:
655 2160 854 2236 interdum
890 2159 1007 2234 etiam
1042 2162 1092 2236 ad
1127 2159 1295 2235 invicem
1330 2159 1433 2234 ultrb

320 2290 493 2388 eitrbque
510 2289 665 2365 mittere
682 2295 722 2364 et
746 2287 976 2387 percontari.
1029 2287 1434 2387 Olrmsuspiearemur

319 2443 403 2494 esse
433 2418 648 2494 Turearum
680 2416 881 2511 Piratieas,
909 2417 1209 2516 expediebamus
1240 2443 1432 2518 quaecum·

318 2575 394 2648 que
417 2552 467 2625 ad
493 2575 667 2649 pugnam
694 2555 805 2624 erant
832 2549 1059 2624 necessaria.
1088 2549 1248 2648 ‘Neque
1274 2552 1434 2628 deerant

318 2703 365 2753 ex
392 2677 535 2752 nostris
561 2676 629 2775 qui
656 2676 694 2751 N
697 2677 909 2751 avarohum
937 2676 1229 2775 imprudentius
1257 2680 1433 2754 stimula-

316 2815 414 2902 rent,
435 2815 479 2884 ut
501 2833 566 2883 eas
593 2808 696 2882 ultro
722 2811 1000 2907 aggrederetur
1018 2836 1061 2884 ae
1087 2811 1303 2887 lacesseret.
1357 2813 1432 2887 Sed

318 2939 531 3014 Dominum
558 2938 737 3032 habebat,
765 2938 838 3031 eui,
866 2964 954 3014 eum
983 2942 1183 3016 reddenda
1210 2947 1294 3016 erat
1320 2942 1431 3018 ratio.

316 3064 560 3166 probabilem
586 3090 626 3141 se
655 3090 767 3164 posse
793 3090 937 3164 pugnae
967 3065 1124 3141 eausam
1153 3069 1291 3144 afferro
1319 3067 1430 3144 dubi·

316 3197 436 3272 tabat.
490 3197 542 3271 Et
560 3196 717 3295 quidem
735 3195 958 3270 conflictum
977 3196 1174 3272 difficilem
1201 3198 1429 3273 habitururn

317 3326 436 3401 fuisse
462 3325 662 3400 existimo:
703 3325 928 3422 quanquam
960 3325 1351 3424 fortasse,quantl1m
1384 3327 1432 3400 ab

317 3457 398 3531 illis
425 3481 506 3549 nos,
533 3456 687 3531 tantlrm
715 3479 784 3528 nos
814 3453 874 3527 illi
901 3455 1148 3530 metuebant:
1177 3463 1216 3532 et
1238 3463 1360 3549 erant,
1390 3463 1433 3531 ut

318 3573 537 3684 eonjeeturat
563 3610 756 3684 assequor,
776 3589 1008 3658 mercatores
1034 3585 1100 3684 qui
1119 3588 1170 3661 ad
1197 3587 1432 3661 Fortunatas

318 3739 395 3790 non
413 3715 549 3814 prooul
576 3714 733 3790 dissitas
751 3713 982 3806 tendebant;
1011 3722 1049 3789 et
1067 3716 1130 3790 vel
1157 3742 1233 3790 non
1253 3723 1433 3815 poterant

320 3869 390 3919 nos
417 3844 582 3943 assequi,
602 3844 666 3918 vel
692 3843 888 3917 nolebant.
