3402 5360
826 485 876 560 32

296 697 376 773 illis
402 701 483 774 tarn
510 724 654 798 magua
680 699 793 774 nassis
820 668 1024 799 eonspedta
1050 701 1136 796 fuit,
1160 701 1290 777 nuncii
1316 701 1408 776 hinc

294 826 385 902 inde
432 827 541 903 missi
584 829 798 904 narrabant
836 831 991 906 (laneum
1034 830 1174 906 insulae
1215 831 1406 922 similem3

295 959 536 1050 adventasse,
567 963 625 1033 tot
658 957 835 1033 homiues
871 965 965 1057 quot
1002 958 1043 1034 iu
1079 959 1202 1060 sylvis
1237 961 1406 1035 arbores.

296 1084 559 1161 Processimus
585 1092 716 1161 tamen
744 1088 794 1163 ad
819 1086 969 1162 insulas
996 1091 1203 1164 ardearum
1234 1089 1410 1188 (Heroas

294 1213 465 1313 lslands)
487 1213 542 1289 sic
568 1214 690 1290 dictas
718 1216 766 1290 ab
788 1214 976 1291 inauditis
1003 1215 1248 1292 examinibus
1274 1217 1407 1315 hujus-

294 1345 400 1421 modi
430 1347 646 1422 volucrum.
716 1346 891 1422 Primam
925 1373 1012 1446 quae
1043 1347 1210 1423 occurrit
1239 1348 1286 1423 Sti
1320 1348 1405 1423 Ole-

294 1475 476 1550 mentisffll
502 1479 552 1552 ad
582 1501 712 1576 quam,
744 1475 820 1550 nisi
850 1477 961 1568 vado,
989 1500 1067 1550 non
1097 1481 1206 1574 patet
1231 1499 1405 1550 accessus

292 1610 451 1702 propter
469 1603 617 1680 declive
643 1603 766 1679 littus.
820 1603 897 1678 Hie
919 1602 1072 1678 ancillae
1089 1629 1176 1715 quae
1195 1605 1245 1678 ad
1268 1603 1402 1678 lavan-

292 1736 700 1826 dumexsoenderant,
727 1733 882 1810 inverso
909 1733 1038 1826 lintre,
1066 1734 1164 1832 pene
1191 1734 1404 1808 submersae
1518 1729 1535 1736 ⁹

292 1870 393 1956 sunt,
413 1865 556 1963 magua
581 1870 692 1962 parte
710 1887 885 1938 meorum
904 1861 1021 1936 etiam
1041 1861 1252 1936 linteorum
1271 1863 1404 1960 deper-

292 1991 384 2084 dita,
398 1992 552 2090 jactura
569 1992 610 2066 iu
628 1991 690 2066 his
714 1991 892 2090 partibus
910 2015 986 2064 non
1006 1989 1200 2066 mediocri.
1311 2073 1312 2076 Ἴ

341 2123 531 2197 Abundat
556 2123 638 2196 haeo
655 2121 785 2195 insula
808 2121 932 2212 cedro,
952 2118 1160 2218 saxifragio
1179 2119 1398 2217 (sassafras)

291 2250 422 2327 herbis
449 2259 487 2326 et
512 2251 674 2326 fioribus
700 2252 750 2326 ad
776 2249 903 2324 omnis
929 2248 1082 2347 generis
1106 2247 1273 2323 acetaria
1299 2273 1400 2322 eom·

290 2384 489 2479 ponenda3
518 2406 615 2456 nuce
632 2380 750 2457 etiam
768 2379 951 2478 sylvestri
970 2404 1057 2479 quae
1076 2379 1309 2476 juglandem
1327 2379 1402 2453 fert

290 2511 524 2607 praeduram,
544 2509 668 2608 spisso
686 2509 899 2608 putamine,
919 2509 1055 2583 nucleo
1074 2533 1196 2606 parvo
1215 2509 1283 2582 sed
1302 2506 1400 2581 mire

289 2646 411 2736 grate.
481 2638 579 2713 oum
630 2644 760 2713 tamen
818 2637 1218 2736 quadringentorum.
1244 2643 1399 2712 tantum

284 2768 470 2865 jugerum
505 2765 723 2860 latitudine,
753 2765 838 2840 visa
872 2771 930 2840 est
965 2765 1125 2862 (insula)
1154 2790 1242 2840 nour
1268 2766 1400 2864 ampla

289 2897 383 2972 satis
426 2899 558 2972 futura
597 2898 706 2972 sedes
750 2921 861 2970 novae
895 2895 1139 2994 plantationi.
1202 2894 1399 2986 Quaesitus

290 3034 505 3102 esttamen
532 3027 639 3102 locus
657 3025 792 3100 Castro
820 3025 1005 3121 (tantum)
1032 3025 1259 3099 aedificando
1286 3024 1400 3120 (forte

289 3157 330 3232 iu
373 3157 460 3256 ipsa
501 3157 645 3254 insula)
681 3157 731 3231 ad
774 3154 1036 3254 prohibendos
1079 3160 1240 3246 exteros,
1286 3153 1401 3229 fluvii

288 3287 528 3381 commercia,
565 3289 736 3386 finesque
769 3285 975 3360 tutandos:
1013 3283 1046 3358 is
1077 3285 1182 3360 enirn
1217 3291 1302 3360 erat
1332 3311 1399 3360 au·

289 3417 536 3516 gustissimus
570 3415 745 3492 fluminis
780 3411 1015 3511 trajectusffi)

341 3547 415 3622 Die
457 3548 750 3622 annunciationis
781 3544 871 3619 '88⁰e
904 3543 1061 3640 Virpinis
1104 3542 1255 3636 Mariae,
1301 3568 1402 3618 auno

290 3677 399 3769 1634,
435 3675 541 3772 (vide
584 3673 763 3774 superius
805 3672 899 3769 Pag.
936 3674 986 3767 1.)
1029 3671 1203 3769 primum
1246 3672 1288 3747 in
1327 3673 1399 3747 hac
