3328 5352
853 538 902 612 61

327 751 589 846 moribundos,
623 751 690 851 qui
720 753 813 828 sane
840 752 911 828 hoo
943 777 1044 827 anno
1076 752 1238 852 plurimi
1268 755 1439 846 fuerunt,

326 881 517 980 valdeque
545 881 717 981 disperse
746 881 987 974 habitabant,
1015 882 1122 956 omni
1148 907 1221 981 ope
1246 883 1439 981 juvimus,

325 1011 421 1085 adeb
455 1017 498 1086 ut
543 1036 591 1086 ne
626 1036 727 1086 unus
770 1010 928 1110 quidem
971 1011 1227 1087 sacramentis
1268 1011 1439 1087 moriens

324 1139 504 1215 caruerit.
556 1139 755 1216 Plurimos
779 1138 1044 1238 sepelivimus
1069 1139 1197 1214 varios
1223 1139 1439 1238 baptizavi·

324 1293 424 1344 mus.
477 1269 530 1346 Et
556 1269 736 1368 quamvis
760 1271 980 1369 frequentes
1005 1269 1288 1345 discordiarum
1313 1296 1440 1346 causae

324 1423 401 1473 non
420 1398 560 1494 desint,
580 1400 690 1475 nulla
707 1408 840 1476 tamen
864 1401 928 1476 hio
946 1425 1087 1476 novem
1106 1401 1313 1499 postremis
1331 1427 1438 1477 men·

323 1526 442 1622 sibus,
472 1529 660 1604 momenti
692 1530 856 1628 alicujus
886 1537 1020 1606 exorta
1054 1537 1122 1624 est,
1155 1556 1273 1630 quam
1304 1533 1438 1608 statim

323 1682 400 1732 non
428 1659 706 1735 sedaverimus
770 1661 890 1754 Illud,
921 1659 994 1735 Dei
1025 1661 1221 1754 beneficio,
1251 1661 1436 1737 solatium

322 1789 523 1882 habemus,
543 1791 646 1887 quod
672 1789 859 1865 vitiorum
878 1789 977 1864 nihil
1004 1789 1226 1882 admodum,
1247 1789 1310 1865 vel
1334 1772 1438 1866 inter

322 1943 442 1993 novos
461 1918 678 1994 Catholioos
697 1919 879 2017 pullulat,
895 1918 1076 2017 quamvis
1102 1918 1329 2017 hujusmodi
1353 1919 1438 1995 looa

322 2073 399 2123 non
418 2049 568 2124 soleant
593 2074 640 2124 ex
658 2049 805 2147 optimo
823 2049 1028 2124 hominum
1055 2072 1195 2146 genere
1212 2047 1434 2124 coalescere.

371 2177 480 2253 Duos
508 2176 725 2253 Catholioos
755 2178 823 2278 qui
853 2202 894 2252 se
924 2177 965 2254 in
994 2175 1222 2252 servitutem
1251 2177 1435 2254 vendide-

318 2314 409 2383 rant
434 2306 475 2382 in
494 2307 677 2406 Virginis
701 2308 959 2383 redemimus:
989 2331 1058 2383 neo
1081 2305 1183 2380 male
1209 2305 1434 2404 impensum

318 2437 500 2537 pretium.
562 2439 692 2513 Ambo
719 2438 824 2512 onim
851 2462 891 2512 se
917 2438 1038 2511 bonos
1065 2435 1307 2510 Christianos
1332 2461 1432 2534 prae·

320 2574 436 2661 stant,
466 2593 567 2643 unus
598 2576 728 2644 autem
759 2567 989 2668 vulgaribus
1020 2566 1183 2644 excellit.
1250 2568 1432 2667 Idipsum

317 2694 500 2772 Caritatis
551 2698 718 2774 officium
761 2697 830 2772 alii
878 2722 955 2772 non
999 2696 1099 2772 nulli
1150 2698 1431 2795 praestiterunt,

317 2833 488 2903 ementes
514 2827 606 2904 inde
633 2853 764 2903 servos
791 2827 1009 2903 Catholioos
1036 2851 1203 2924 quorum
1229 2827 1345 2902 isthic
1372 2837 1432 2904 est

317 2956 439 3055 eopia.
509 2957 682 3058 Singulis
717 2957 822 3033 enim
862 2957 986 3049 annia,
1023 2955 1186 3054 plurimi
1221 2955 1262 3030 in
1298 2981 1431 3032 servos

318 3083 400 3159 illio
435 3110 475 3160 se
514 3087 751 3186 mancipant,
787 3086 855 3185 qui
894 3087 996 3161 inter
1039 3084 1227 3178 homines,
1263 3086 1433 3184 exempli

320 3215 492 3313 pessimi,
520 3217 708 3312 viventes,
738 3217 883 3317 omniq.
913 3241 986 3314 ope
1017 3213 1215 3314 spirituali
1243 3214 1431 3309 destituti,

320 3341 541 3418 animarum
570 3345 802 3444 plerumque
825 3345 1020 3443 jacturam
1048 3339 1206 3415 faciunt.

370 3474 510 3549 Varios
537 3477 557 3550 ὸ
584 3476 783 3575 primariis
809 3502 879 3576 per
906 3473 1102 3550 Exercitia
1128 3471 1358 3570 Spiritualia
