3348 5346
759 480 805 550 15

280 731 347 806 Ad
373 732 521 807 indicae
543 731 680 806 messis
707 757 817 830 spem
842 732 1031 806 accessere
1055 731 1173 806 etiam
1197 732 1343 808 fructus

230 885 309 934 non
337 861 610 937 contemnendi
648 887 671 936 a
703 861 853 936 colonia
889 861 1218 960 popularibusque
1257 887 1342 960 per·

229 989 348 1088 cepti,
381 993 430 1066 ad
457 1016 552 1089 quos
579 991 876 1065 solemnioribus
904 990 1062 1089 quidem
1088 990 1180 1065 anni
1207 990 1341 1067 diebus

228 1117 430 1194 conciones
465 1119 668 1193 habentur.
744 1117 958 1193 Dominicis
992 1144 1084 1194 vero
1119 1118 1340 1194 catechismi

228 1245 462 1344 explanatio.
515 1247 553 1320 N
556 1271 605 1321 on
628 1245 815 1320 Catholici
836 1253 990 1321 tantum
1013 1247 1232 1344 frequentes
1253 1271 1339 1322 con·

229 1375 374 1467 fluunt;
411 1401 548 1450 verum
583 1375 701 1450 etiam
735 1375 1005 1450 haereticorum
1040 1375 1201 1474 plurimi
1235 1377 1340 1453 haud

229 1511 314 1585 sine
348 1536 476 1609 operae
504 1509 646 1609 preti0;
682 1509 715 1584 si
751 1509 908 1607 quidem
942 1509 1014 1584 hoc
1042 1533 1154 1601 anne,
1182 1507 1339 1582 omnino

229 1640 433 1716 duodecim
454 1640 640 1739 pristinos
658 1639 814 1738 pertaesi
835 1663 984 1714 errores
1002 1637 1043 1712 in
1066 1636 1234 1736 gratiam
1251 1662 1339 1712 cum

229 1771 313 1844 Deo
344 1776 383 1844 et
410 1769 582 1844 Ecclesia
608 1769 768 1844 rediere.
832 1769 931 1844 Rem
963 1767 1137 1843 divinam
1167 1767 1339 1865 quotidie

226 1901 352 1974 facere
378 1924 455 1973 non
482 1905 632 1973 cessant
658 1897 780 1972 nostri
802 1904 841 1972 et
865 1904 1116 1989 sacramenta,
1138 1902 1254 1994 prout
1277 1921 1339 1970 res

227 2027 411 2126 postulat,
437 2027 660 2126 dispensare
687 2026 969 2102 accedentibus:
1002 2025 1093 2124 (74.)
1118 2025 1338 2100 valentibus

228 2157 405 2256 denique,
442 2157 566 2256 aegris,
608 2155 770 2248 afflictis,
806 2163 845 2230 et
883 2153 1126 2230 moribundis
1167 2153 1338 2247 consilio,

230 2287 373 2362 auxilio
396 2293 434 2362 et
455 2311 680 2385 quacunque
702 2287 859 2360 demum
883 2309 956 2382 ope
979 2290 1121 2382 praesto
1147 2308 1229 2358 esse
1252 2309 1338 2359 con·

229 2415 439 2490 tendimus

540 2609 659 2669 A'ucror
678 2617 835 2678 Iucrnrus,
850 2616 937 2667 Auso
957 2615 1030 2666 loto.

281 2798 329 2871 ln
363 2797 435 2870 hac
470 2794 652 2873 missione
692 2795 837 2869 fuimus
871 2795 945 2868 hoc
981 2819 1082 2868 anno
1123 2796 1339 2870 sacerdotes

229 2933 394 3024 quatuor
428 2950 515 2998 cum
550 2949 627 2998 uno
662 2924 894 3020 coadjutore.
971 2921 1192 2996 Retulimus
1227 2947 1337 3020 supe·

229 3052 331 3126 riore
365 3077 466 3126 anno
501 3050 596 3150 quid
629 3051 720 3149 Spei
755 3049 1061 3148 concepissemus
1100 3051 1148 3124 de
1182 3074 1337 3124 conver·

229 3182 345 3256 tendo
367 3180 526 3278 TayacO,
546 3204 614 3254 seu
635 3179 877 3276 Imperatore
895 3177 961 3253 ubi
978 3184 1119 3252 vocant
1142 3177 1337 3253 Pascatoe.

230 3309 291 3382 Ex
311 3334 355 3382 eo
377 3315 551 3405 tempore
572 3333 658 3405 quae
680 3307 753 3381 Dei
775 3313 834 3382 est
854 3305 1074 3404 benignitas
1096 3331 1206 3403 spem
1223 3332 1335 3381 even·

228 3445 291 3512 tus
316 3462 393 3511 non
414 3435 561 3510 fefellit.
613 3435 786 3510 Accessit
809 3434 914 3510 enim
934 3434 1002 3509 ille
1026 3433 1201 3540 adductis
1213 3434 1337 3508 'etiam

230 3563 427 3638 nonnullis
454 3563 541 3638 aliis
568 3564 618 3637 ad
640 3545 759 3638 'fidem
786 3569 970 3655 nostram,
996 3587 1038 3636 ac
1063 3565 1087 3636 5
1114 3561 1212 3636 Julii
1239 3564 1338 3636 1640

230 3718 317 3766 eum
345 3691 434 3767 fidei
469 3691 663 3791 mysteriis
699 3692 792 3770 satis
828 3698 927 3770 esset
961 3691 1145 3784 imbutus
1173 3691 1336 3766 solemni

228 3822 307 3898 ritu
329 3846 477 3896 sacram
496 3822 641 3895 undam
663 3820 811 3918 excepit
831 3819 872 3894 in
890 3819 1040 3912 saeel10,
1060 3821 1163 3917 quod
1182 3821 1230 3894 ob
1248 3846 1337 3895 eum

228 3955 356 4044 finem,
384 3949 636 4048 divinumque
664 3950 811 4025 cultum
839 3976 859 4024 e
885 3948 1099 4044 corticibus,
1121 3975 1192 4048 pro
1222 3951 1337 4025 Indo·

227 4107 316 4156 rum
351 4105 468 4173 more,
504 4087 687 4157 erexerat.
741 4081 827 4155 Hoc
862 4081 997 4155 eodem
1031 4087 1206 4178 tempore
1241 4106 1337 4155 uxor

226 4210 348 4308 ipsius
374 4235 462 4288 cum
480 4209 645 4286 lactente
666 4207 869 4302 infantulo,
889 4207 1051 4306 aliisque
1072 4233 1119 4283 ex
1139 4206 1337 4305 primariis

227 4365 342 4438 quem
377 4339 427 4416 ad
462 4336 623 4416 consilia
657 4337 850 4435 praecipue
889 4336 1108 4427 adhibebat,
1144 4360 1232 4412 cum
1267 4361 1336 4410 suo
