3402 5360
633 1179 904 1256 RELATIO
935 1175 1220 1258 ITINERIS

581 1609 1270 1738 MARYLANDIAM.

365 2006 516 2107 Scripta
540 2009 604 2084 sub
619 2007 739 2110 fiuent
764 2010 921 2110 Aprilis,
950 2011 1060 2102 1634,
1088 2011 1137 2084 ud
1162 2009 1212 2086 Α.
1236 2010 1284 2086 Ji.
1305 2009 1349 2086 P.
1374 2035 1480 2110 qene-

641 2138 756 2214 ralem
787 2138 952 2213 Mettum
979 2137 1203 2214 Vitellesetis.

498 2630 607 2723 1633,
628 2629 689 2704 die
707 2629 761 2704 8²⁰·
776 2629 942 2706 Oeeciliae
960 2654 1085 2724 sacru
1095 2627 1236 2704 leniter
1253 2629 1481 2730 adspirante

367 2474 708 2792 VlGESIMii
734 2475 903 2572 seeundt
929 2496 1080 2572 Mensis
1109 2478 1357 2590 Novembris,
1385 2497 1480 2572 anni

497 2760 615 2850 Eure,
635 2759 823 2836 solvimus
851 2762 874 2836 si
900 2759 1016 2836 Cevis
1046 2760 1208 2860 (Onnes)
1234 2759 1302 2859 qui
1328 2760 1480 2860 positus

265 2992 267 2996 Ι
365 2897 424 2966 est
449 2891 490 2966 in
517 2890 655 2966 Insult
680 2890 849 2966 vectes>
899 2891 1076 2990 Cumque
1102 2890 1320 2990 praecipuas
1347 2897 1479 2991 partes

367 3020 503 3113 Navis,
541 3018 876 3096 constituissemus
910 3019 950 3096 in
986 3019 1110 3095 tutele
1143 3019 1216 3096 Dei
1251 3019 1292 3094 in
1326 3020 1479 3120 primis,

364 3155 404 3224 et
420 3147 675 3225 sanctissimae
702 3149 799 3247 Ejus
826 3149 980 3242 Matris,
1000 3147 1047 3223 Se
1066 3147 1213 3248 Ignatii
1239 3156 1278 3224 et
1301 3149 1477 3225 emnium

364 3278 593 3378 angelorum
620 3278 895 3379 Marylandiee,
915 3278 1121 3378 paululum
1149 3279 1252 3354 inter
1277 3281 1376 3355 (luas
1402 3287 1476 3356 ter·

363 3433 426 3483 ras
453 3407 637 3507 provecti,
660 3406 859 3484 deficiente
883 3413 1011 3500 vente,
1031 3407 1246 3484 resedimus
1274 3410 1294 3483 e
1320 3409 1478 3508 regione
1593 3502 1596 3506 .

214 3579 218 3588 ·
363 3537 490 3612 Castri
524 3537 738 3630 Yermoutt,
771 3539 874 3634 quod
908 3543 967 3611 est
1001 3537 1052 3611 ad
1086 3561 1263 3612 oceasum
1295 3537 1477 3614 eestivum

326 3764 330 3770 Ι
361 3650 537 3762 ejusdem
564 3665 703 3739 insulse
726 3664 902 3764 (Veetae.)
960 3664 1038 3740 Hie
1065 3663 1173 3740 festis
1192 3672 1476 3742 tormentorum

361 3792 544 3870 tonitruis
583 3793 733 3892 excepti
775 3819 922 3870 sumus,
993 3794 1129 3894 Neque
1172 3802 1304 3870 tamen
1348 3804 1475 3872 metus

362 3922 517 3997 aberat:
555 3928 684 3997 nautue
714 3922 819 3998 enim
849 3922 952 3998 inter
982 3947 1023 3998 se
1052 3924 1315 4002 mussitabant
1341 3949 1475 4026 expec-

794 4110 885 4161 (¹>Isle
896 4110 928 4160 of
938 4110 1047 4178 Wight.

903 4197 944 4260 10
