3402 5360
834 465 883 538 19

354 677 460 754 Hine
488 681 538 754 ad
569 678 718 755 insulas
746 680 963 757 fortunatas
992 682 1124 776 delati,
1152 681 1249 757 Sinu
1278 703 1422 778 magno

302 807 471 906 suseepti
494 807 652 902 fuimus,
671 809 711 883 in
739 833 815 907 quo
833 810 967 885 nullus
985 817 1113 886 metus
1132 810 1208 884 nisi
1231 835 1279 885 er
1297 809 1418 884 malo-

304 936 385 1030 eiis,
413 962 500 1036 quae
531 937 620 1012 oum
647 937 869 1037 quindecim
899 938 1048 1031 diebus
1077 946 1116 1014 el
1143 939 1276 1014 tribus
1295 937 1418 1036 aliqu·

302 1068 402 1141 ando
421 1066 649 1165 septimanis
676 1069 898 1165 perdurent,
919 1067 1047 1143 deficit
1071 1067 1302 1166 navigantes
1320 1090 1419 1140 eom·

301 1198 464 1269 meatus.
533 1193 582 1268 Id
612 1195 704 1268 vero
731 1195 820 1268 rard
848 1201 887 1268 et
917 1193 984 1268 vix
1013 1195 1154 1270 saeoulo
1186 1219 1265 1268 uno
1297 1193 1418 1268 semel

301 1329 369 1398 aut
398 1321 540 1400 iterum
576 1321 725 1399 accidit.
777 1322 1125 1435 *Frequentissime
1161 1321 1418 1397 nihilominus

299 1453 501 1528 trahendae
534 1457 627 1526 sunt
661 1475 791 1544 moron,
828 1450 1027 1526 deficiente
1059 1457 1176 1527 vento
1214 1453 1293 1550 qui,
1328 1451 1417 1526 etun

300 1580 434 1680 spirat,
454 1603 555 1656 unus
574 1585 612 1654 et
638 1578 742 1654 idem
761 1604 914 1678 semper
941 1586 1000 1655 est
1026 1580 1117 1655 huie
1136 1587 1280 1654 nostroe
1307 1579 1416 1652 novi·

300 1707 447 1808 gationi
476 1707 680 1806 propitius.
734 1707 783 1782 ln
809 1707 881 1781 hoo
908 1706 998 1782 sinu
1026 1707 1262 1783 confecimus
1296 1707 1417 1782 Milli-

300 1837 426 1913 arium
462 1836 687 1912 Italicorum
726 1837 802 1912 tria
836 1836 963 1912 millia
997 1837 1125 1937 plenis
1160 1838 1272 1933 velis,
1309 1861 1418 1911 mare

300 1973 471 2042 secantes
512 1965 691 2058 lacteum,
728 1966 921 2063 nusqudm
964 1965 1203 2064 impediente
1238 1965 1415 2056 malaoid,

300 2095 376 2170 nisi
402 2097 633 2195 quandoque
659 2094 760 2168 oired
782 2093 987 2169 meridiem
1014 2097 1094 2170 und
1119 2095 1225 2170 hort.

351 2225 472 2302 Haud
503 2223 657 2300 facilem
687 2223 844 2298 invenio
870 2223 1062 2298 rationem
1090 2224 1172 2298 tun
1203 2223 1418 2298 constantis

299 2354 418 2448 venti,
439 2353 514 2428 nisi
532 2346 629 2429 forte
647 2352 689 2428 id
714 2351 808 2428 oriri
826 2352 913 2451 quis
933 2352 1075 2428 dixerit
1093 2377 1139 2428 ex
1159 2352 1307 2427 vicinio
1324 2353 1417 2428 solis

300 2484 402 2560 inter
429 2486 526 2559 duos
551 2482 720 2582 tropicos
746 2482 1053 2577 intercurrentis
1073 2489 1112 2558 et
1138 2482 1269 2558 visua
1295 2490 1414 2558 attra-

300 2612 427 2689 hentis
462 2638 509 2688 ex
543 2611 643 2686 mari
678 2614 755 2687 duo
789 2636 932 2710 genera
962 2619 1234 2706 meteororum,
1271 2613 1416 2688 siccum

301 2769 424 2819 unum
451 2767 498 2818 ex
526 2741 679 2817 marind
704 2740 908 2834 salsedine,
928 2741 1096 2820 alterum
1123 2741 1333 2817 humidum
1356 2767 1416 2816 ra·
1523 2723 1528 2728 ¹

301 2873 405 2948 tione
423 2897 554 2970 aquae:
575 2895 622 2945 ex
639 2868 761 2968 priori
779 2871 823 2944 fit
841 2875 994 2962 ventus
1013 2895 1060 2946 ex
1078 2871 1284 2968 posteriori
1303 2896 1417 2969 gene·

299 3008 438 3078 rantur
455 2999 622 3099 pluviae:
651 2998 709 3073 sol
733 2998 864 3098 itaque
883 3005 1093 3098 utrumque
1111 3003 1162 3075 ad
1188 3025 1229 3074 se
1247 3001 1416 3076 evehens

300 3137 495 3207 causaest
520 3153 589 3204 our
615 3129 782 3204 eundem
808 3152 896 3201 eum
924 3127 1004 3202 sole
1031 3127 1234 3226 obliquum
1262 3153 1417 3228 semper

300 3285 458 3336 cursum
501 3263 668 3350 servent,
712 3257 910 3354 solemque
958 3260 1146 3355 perpetuo
1190 3265 1414 3357 sequantur.

242 3446 249 3458 ,
300 3393 433 3488 Atque
467 3390 602 3464 eadem
636 3385 765 3485 potuit
799 3410 882 3460 esse
916 3385 1028 3479 ratio,
1064 3410 1144 3497 eur,
1180 3386 1284 3462 inter
1318 3390 1416 3462 duos

300 3517 467 3618 tropicos
486 3516 635 3616 experti
662 3539 797 3590 sumus
819 3513 1017 3612 ingentem
1041 3513 1160 3594 simul
1186 3515 1355 3592 calorem
1380 3524 1419 3591 et
