3402 5360
885 493 934 570 27

405 707 602 785 Praecellit
636 713 767 784 autem
810 713 967 802 ceteros,
1003 730 1099 808 quos
1143 705 1239 784 alibi
1272 713 1467 783 terrarum

353 836 510 937 gustavi
552 837 702 914 fructus
745 837 838 914 Nan
873 837 992 914 Pinea
1039 835 1153 937 (Pinc
1196 838 1282 938 1111)
1330 844 1389 913 est
1422 862 1468 912 ea

353 967 491 1043 coloris
519 967 639 1062 aurei,
669 966 838 1067 vinoque
869 966 993 1043 mixta
1026 965 1261 1066 gratissima,
1293 974 1373 1043 tres
1404 967 1467 1043 vcl

353 1103 520 1198 quatuor
554 1098 728 1196 ejusdcm
759 1095 929 1173 nominis
964 1121 1080 1173 nuces
1115 1097 1330 1196 Europaeas
1365 1097 1467 1172 mole

352 1229 575 1329 adaequans,
610 1228 737 1328 figura
779 1252 857 1303 non
910 1228 1124 1304 admodum
1167 1225 1351 1303 dissimili
1399 1227 1467 1302 sed

353 1359 583 1459 operosiore:
644 1380 721 1432 non
763 1361 823 1431 tot
873 1354 1056 1431 distincta
1106 1353 1377 1431 loculamentis
1429 1360 1472 1454 et

353 1486 535 1582 modulis,
560 1485 627 1587 qui
653 1484 820 1562 adhibiti
846 1486 897 1562 ad
922 1485 1053 1584 ignem
1080 1485 1262 1562 nucleum
1287 1487 1465 1578 reddant,

353 1618 422 1692 sed
451 1615 562 1691 molli
587 1621 627 1691 ct
651 1614 796 1691 tenella
821 1613 1001 1690 involuta
1034 1613 1308 1690 membranulis
1332 1612 1466 1712 gustui

347 1743 646 1844 jucundissima,
678 1743 789 1820 nullo
823 1768 962 1842 aspera
996 1741 1117 1837 acino,
1153 1745 1222 1820 scd
1256 1743 1279 1819 1
1312 1769 1466 1819 summo

353 1872 534 1950 deorsum
558 1871 762 1972 aequaliter
786 1872 918 1971 palato
944 1871 1132 1948 arridens,
1184 1873 1322 1972 Neque
1348 1875 1465 1967 deest,

353 2027 471 2102 quam
505 2007 688 2095 meretur,
724 2025 876 2096 corona,
907 2001 1015 2077 haud
1046 2001 1164 2077 dubie
1191 2000 1296 2077 enim
1330 2000 1467 2100 regina

351 2131 550 2207 fructuum
576 2130 768 2230 appellari
793 2136 931 2230 potest.
985 2131 1155 2207 Gustum
1181 2131 1299 2208 habet
1320 2155 1467 2207 aroma·

351 2259 485 2356 ticum,
504 2267 542 2336 et
567 2260 759 2360 quantum
784 2259 1005 2358 conjecturat
1031 2284 1225 2360 assequor,
1244 2261 1356 2360 fraga
1372 2260 1465 2335 vino

352 2389 610 2490 saccharoquc
644 2389 768 2466 mixta
801 2391 1043 2466 referentem.
1109 2391 1276 2466 sanitati
1318 2414 1466 2466 conser-

351 2518 492 2593 vandae
522 2517 740 2616 plurimdm
776 2519 934 2612 confert,
961 2542 1168 2616 corporum
1198 2518 1465 2595 constitutioni

349 2645 432 2721 tam
475 2648 565 2745 apte
607 2647 860 2741 consentiens,
905 2653 950 2724 ut
991 2646 1083 2724 licet
1121 2649 1270 2724 ferrum
1312 2649 1463 2742 exedat,

351 2773 550 2852 hominem
583 2781 726 2869 tamen,
758 2775 791 2851 si
822 2800 991 2876 quares
1022 2775 1101 2851 alia
1129 2777 1249 2879 quam
1279 2775 1463 2869 maxime,

351 2902 591 2995 corroborct;
619 2927 743 3002 neque
760 2903 947 3003 praecelsa
971 2903 1072 2979 hane
1089 2929 1230 3005 queras
1247 2903 1288 2978 in
1313 2904 1461 2997 arbore,

351 3031 420 3107 sed
446 3055 578 3126 unam,
605 3032 685 3107 1111
710 3056 757 3138 er
781 3031 912 3109 radice
937 3031 1049 3131 quasi
1079 3032 1214 3109 cardui
1241 3031 1461 3132 Hispanioi,

349 3158 647 3258 prominentem.
702 3161 896 3260 Optabam
922 3185 985 3236 me
1020 3186 1158 3237 nucem
1185 3186 1304 3238 unam
1332 3163 1462 3238 Pater-

349 3291 463 3366 aitutc‘
483 3298 610 3398 castra
632 3314 721 3366 oum
744 3289 850 3366 hisce
875 3289 1017 3365 litteris
1043 3293 1198 3368 tradere
1222 3289 1395 3389 potuisse
1420 3290 1462 3364 in

351 3442 504 3494 manus,
556 3417 669 3494 Nihil
695 3417 811 3512 enim,
838 3425 981 3517 praeter
1006 3418 1145 3517 ipsam,
1172 3443 1244 3518 pro
1271 3417 1462 3516 dignitate

350 3551 479 3644 potest
504 3545 732 3623 describere.

401 3672 602 3772 Vigesimo
636 3680 775 3772 quarto
809 3673 1000 3772 Januarii,
1033 3677 1081 3750 de
1116 3682 1226 3752 nocte
1259 3675 1462 3754 subductis

351 3801 542 3897 anchoris,
569 3809 608 3878 et
637 3802 739 3879 circat
764 3803 968 3881 meridiem
994 3805 1190 3904 sequentis
1219 3805 1296 3882 diei
1326 3806 1463 3882 relicta

351 3934 401 4008 ad
424 3931 567 4008 laevam
593 3933 723 4009 insula
749 3934 812 4009 8²⁸³·
840 3933 984 4028 Lucia,
1006 3935 1079 4011 sub
1106 3960 1311 4036 vesperam
1336 3934 1461 4012 tenui·
