3328 5352
342 979 566 1118 Excerpta
582 1014 638 1085 ex
650 979 853 1086 Diversis
865 981 1042 1088 Litteris
1056 981 1452 1108 Missionariorum‚

514 1151 571 1256 ab
591 1151 721 1256 Anno
736 1154 868 1285 1635,
885 1151 943 1256 ad
958 1153 1140 1256 Annum
1157 1155 1292 1261 1638.

704 1453 855 1504 quuurus
872 1453 1092 1518 Aucrou,1635.

393 1639 453 1714 De
483 1639 555 1714 hac
583 1610 772 1714 Missiorie
803 1665 891 1738 quaa
921 1663 1047 1739 nuper
1074 1639 1255 1714 inchoata
1283 1639 1372 1736 (est)
1406 1639 1455 1714 ob

340 1767 659 1868 plurimasque
689 1766 729 1841 in
761 1769 807 1843 eet
836 1775 1055 1863 occurrunt,
1087 1768 1345 1862 difficultates
1378 1769 1456 1844 exi·

340 1923 441 1998 guus
459 1898 586 1974 adhuc
604 1898 752 1972 fructus
773 1896 858 1990 fuit,
877 1897 1096 1997 praesertim
1115 1899 1221 1996 apud
1244 1897 1454 1988 Barbaros

340 2053 507 2128 quorum
534 2027 671 2127 lingua
695 2029 807 2104 tarde
831 2029 854 2103 d
879 2029 918 2102 N
920 2027 1131 2104 ostratibus
1158 2027 1333 2121 discitur,
1353 2027 1456 2102 nihil

342 2158 421 2233 fere
439 2156 557 2233 scribi
582 2163 720 2256 potest.
764 2157 985 2234 Versantur
1001 2156 1041 2232 in
1062 2159 1108 2232 eat
1133 2156 1234 2232 Socii
1252 2156 1457 2256 quinquae),

341 2296 416 2365 tres
450 2288 695 2364 Sacerdotes:
740 2288 982 2386 coadjutores
1018 2290 1098 2381 duo,
1134 2286 1201 2386 qui
1242 2293 1457 2386 praesentes

339 2416 506 2510 labores
534 2415 657 2495 futuri
686 2419 849 2494 eventus
879 2442 958 2516 spe,
987 2443 1076 2493 cum
1104 2417 1231 2493 multet
1261 2416 1459 2493 sustinent

341 2545 554 2624 alacritate.

704 2851 854 2902 Iucaurus
872 2851 1092 2915 Aucr0u‚1636.

391 3039 611 3114 Versantur
629 3035 670 3111 in
692 3036 763 3111 hac
788 3035 977 3153 Missione
995 3036 1219 3111 Sacerdotes
1237 3032 1455 3132 quatuousst

342 3197 430 3248 cum
450 3194 527 3245 uno
552 3168 728 3266 adjutore
751 3166 970 3264 temporali.
990 3166 1013 3240 a
1034 3163 1187 3263 quibus,
1206 3165 1310 3262 quod
1335 3161 1456 3237 nullae

342 3296 433 3372 inde
459 3295 530 3370 hoc
558 3318 659 3369 anno
688 3292 849 3392 perlatae
876 3298 969 3366 sunt
996 3291 1150 3384 litterae,
1178 3289 1274 3389 quid
1301 3295 1456 3388 gestum

343 3425 404 3519 sit,
424 3423 600 3522 cogimur
625 3423 817 3519 ignorare.

652 3697 800 3748 Iucuurus
813 3695 945 3759 Aucroa,
958 3695 1048 3745 Auso
1067 3695 1140 3744 1638.

392 3869 628 3969 Spectabant
653 3869 703 3941 ad
729 3866 828 3940 hanc
855 3863 1085 3939 Missioncm
1112 3863 1250 3938 Patres
1275 3867 1454 3960 quatuor,

341 4027 430 4088 cum
468 4024 545 4073 uuo
579 4021 711 4072 rerum
747 3993 1022 4092 temporalium
1063 3993 1251 4090 adjutore.
1321 3991 1454 4089 Atque

342 4133 405 4207 hic
431 4130 600 4230 quidem,
623 4135 712 4226 post
737 4149 876 4224 graves
903 4123 1054 4198 labores
1080 4129 1161 4198 toto
1188 4119 1453 4220 quinquennio

878 4257 920 4317 54
