3348 5346
824 499 873 575 30

294 753 555 854 Marylandiae
576 755 733 854 quidem
755 756 987 832 Praefectum
1006 781 1093 831 cum
1112 757 1200 831 aliis
1217 757 1407 856 pluribus,

295 888 407 979 pacta
427 881 541 955 certis
566 881 852 957 conditionibus
874 883 1009 976 salute,
1028 883 1069 957 in
1092 884 1328 958 deditionem
1350 909 1408 958 ac·

294 1017 490 1108 ceperunt.
559 1011 709 1086 Verum
744 1011 900 1087 violatis
935 1013 1074 1111 perfidi
1112 1013 1408 1106 conditionibus,

294 1139 320 1212 4
353 1163 400 1212 ex
434 1137 598 1237 captivis
633 1146 671 1214 et
706 1140 863 1238 quidem
897 1149 976 1216 tres
1018 1167 1065 1216 ex
1099 1142 1178 1216 illis
1220 1141 1408 1234 catholici,

295 1291 447 1340 summo
495 1267 711 1365 Religionis
756 1269 845 1344 odio
886 1277 977 1344 sunt
1019 1270 1170 1368 trajecti
1215 1270 1409 1368 plumbeis

295 1395 514 1494 glandibus,
567 1398 615 1470 In
643 1405 795 1472 nostras
820 1400 911 1474 ades
938 1399 1141 1494 irruentes,
1166 1401 1408 1499 impostores,

295 1532 339 1600 ut
373 1525 635 1623 appellabant,
671 1528 721 1601 ad
755 1536 922 1603 mortem
961 1530 1228 1626 deposcebant,
1264 1535 1409 1603 certam

296 1653 546 1751 deprehensis
586 1654 848 1730 carnificinam
889 1656 1137 1732 intentantes.
1217 1658 1409 1732 Caeterum

295 1780 432 1855 Patres
468 1789 556 1856 ante
591 1781 766 1879 ipsorum
801 1808 879 1876 ora,
917 1785 999 1859 Deo
1033 1792 1270 1884 protegente,
1306 1811 1408 1884 cym-

294 1910 385 2014 bala
413 1909 536 2008 ignoti
566 1912 966 2008 praetervehebantur;
1002 1913 1104 2006 libri,
1132 1915 1344 2012 suppelleX,
1372 1921 1411 1988 et

296 2038 508 2136 quidquam
530 2038 636 2112 domi
654 2046 747 2132 erat,
767 2041 1015 2138 pradonibus
1039 2042 1163 2117 cessit.
1217 2043 1300 2141 Ipsi
1322 2069 1410 2117 cum

296 2166 487 2240 universae
510 2192 621 2265 paene
638 2167 695 2242 rei
717 2169 921 2246 familiaris
944 2196 987 2244 ac
1009 2171 1230 2246 domesticae
1245 2172 1409 2270 jactura,

296 2321 437 2394 magno
459 2296 576 2371 etiam
599 2297 735 2394 capitis
758 2298 862 2373 adito
885 2299 1118 2393 discrimine,
1138 2301 1238 2375 clam
1262 2301 1303 2375 in
1321 2301 1410 2374 Vir-

295 2425 443 2523 giniam
483 2426 613 2520 delati,
649 2426 689 2500 in
734 2453 888 2502 summa
928 2454 1060 2504 rerum
1105 2430 1411 2505 necessariarum

295 2552 437 2651 inopia,
464 2553 530 2628 vix
564 2560 603 2628 et
635 2554 732 2652 aegri
763 2555 886 2630 vitam
910 2557 1101 2640 tolerant.
1154 2558 1410 2656 Tuguriolum

295 2681 469 2757 incolunt
497 2682 587 2778 ¹vile,
614 2682 761 2757 humile
790 2709 834 2757 ac
862 2686 1100 2782 depressum,
1130 2711 1208 2761 non
1239 2686 1410 2760 multum

296 2810 474 2885 absimile
514 2811 700 2904 cisternae,
736 2819 805 2900 aut
845 2813 963 2887 etiam
1002 2815 1219 2912 sepulchro,
1255 2814 1296 2888 in
1334 2840 1410 2912 quc

295 2965 483 3038 magnum
513 2940 613 3015 illud
648 2940 758 3016 Fidei
793 2944 1141 3040 propugnaculum,
1169 2945 1206 3018 S.
1234 2944 1409 3017 Athana·

215 3125 218 3132 .
296 3069 386 3161 sius,
409 3070 540 3166 plures
567 3095 688 3143 annos
719 3070 900 3146 latitavit.
959 3072 1024 3146 Ad
1051 3080 1209 3147 caeteras
1235 3073 1411 3171 ipsorum

295 3197 482 3298 miserias,
510 3205 549 3272 et
578 3198 677 3273 illud
705 3165 863 3274 accessit
892 3199 1139 3294 incommodi,
1167 3203 1271 3299 quod
1299 3201 1409 3300 quid·

296 3327 390 3427 quid
418 3311 489 3401 hoc
515 3353 616 3402 anno
644 3327 782 3421 solatii,
806 3335 873 3404 aut
899 3329 1072 3422 subsidii,
1101 3329 1214 3427 stipis
1241 3329 1409 3421 nomine,

297 3484 319 3531 a
343 3457 418 3554 piis
442 3457 482 3530 in
507 3457 654 3555 Anglia
674 3457 900 3548 hominibus
922 3457 1165 3533 destinatum
1189 3458 1273 3551 fuit,
1292 3458 1409 3533 inter·

296 3593 481 3683 captaque
499 3586 711 3660 vehebatur
729 3585 831 3678 navi,
851 3587 953 3660 male
974 3586 1145 3684 perierit.
1188 3588 1279 3686 (93.)
1334 3587 1411 3661 Sed

297 3715 395 3789 nihil
414 3715 502 3788 illos
520 3714 661 3812 aegrius
679 3716 805 3807 habet,
826 3743 943 3816 quam
962 3718 1065 3815 quod
1084 3743 1132 3791 ne
1150 3717 1233 3790 vini
1252 3717 1409 3816 quidem

297 3845 400 3942 quod
426 3842 519 3916 satis
544 3842 595 3916 sit
618 3843 667 3916 ad
691 3843 825 3918 altaris
853 3845 1296 3943 nrysteria'conficienda
1320 3870 1409 3942 sup·

296 3972 454 4071 peditet.
507 3971 694 4044 Famulus
725 3971 804 4045 illis
835 3969 1059 4068 nullusvel
1092 3975 1141 4048 ad
1177 3973 1410 4048 domesticos

232 4097 235 4103 ’
297 4126 399 4192 usna,
422 4099 484 4173 vol
512 4101 561 4173 ad
587 4098 660 4174 iter
686 4125 756 4198 per
781 4099 914 4197 ignota
940 4108 979 4175 et
994 4081 1182 4199 suspecta
1207 4102 1291 4176 loca
1318 4101 1409 4175 diri·

297 4230 477 4329 gendum,
496 4227 559 4301 vel
581 4228 698 4302 etiam
720 4229 769 4302 ad
791 4229 980 4326 cymbam,
1000 4227 1033 4302 si
1055 4231 1210 4326 quando
1233 4253 1326 4303 usus
1348 4227 1409 4320 sit,

208 4401 211 4409 ν
296 4357 591 4458 propellendam
615 4383 658 4431 ac
681 4359 986 4454 gubernandam.
1040 4359 1150 4456 Saepe
1175 4383 1245 4455 per
1269 4357 1411 4465 spatio·
