3348 5346
785 501 810 571 9

245 757 375 830 oculos
398 754 546 830 versari
568 755 707 848 visum,
728 756 798 829 deo
823 753 1049 828 comitatum
1071 779 1186 852 quem
1208 750 1359 847 coleret,

246 885 385 959 coloris
417 884 579 975 obscuri,
608 885 825 958 obtestante
855 908 903 958 ne
934 909 974 957 se
1003 885 1199 958 desertum
1225 884 1359 958 vellet:

246 1013 356 1088 illinc
382 1015 536 1088 adstare
564 1039 652 1088 cum
677 1038 745 1087 suo
771 1014 841 1087 deo
868 1013 983 1110 longe
1008 1012 1207 1086 teterrimo
1232 1013 1359 1086 Snow·

247 1165 314 1214 um
333 1141 538 1237 quendam,
557 1137 793 1236 pertinacem
816 1163 862 1211 ex
879 1135 1026 1235 Anglia
1047 1137 1286 1212 haereticum:
1315 1163 1360 1212 ex

248 1271 326 1345 alia
348 1270 513 1367 deinque
534 1276 645 1366 parte
666 1267 827 1342 coloniae
850 1268 1075 1366 praefectum
1097 1274 1136 1341 et
1160 1268 1204 1342 P.
1223 1267 1361 1342 Vitum

249 1398 374 1495 objici,
402 1397 541 1472 comite
569 1397 687 1472 etiam
717 1397 811 1489 Deo,
839 1398 907 1471 sed
937 1397 1060 1470 multo
1089 1396 1361 1494 pulcherrim,

249 1527 314 1625 qui
350 1526 413 1600 vel
454 1525 639 1600 intactam
676 1525 805 1599 nivem
845 1526 1010 1599 candore
1045 1524 1220 1618 anteiret,
1256 1525 1362 1600 visus

242 1657 367 1734 ,etiam
395 1656 670 1754 imperatorem
699 1657 748 1730 ad
777 1680 817 1728 se
845 1655 986 1729 blande
1015 1654 1178 1729 allicere.
1232 1655 1292 1730 Ex
1318 1681 1361 1729 eo

248 1792 424 1883 tempore
441 1791 526 1858 tum
546 1783 777 1857 Praefectum
795 1788 880 1856 tum
900 1782 1058 1856 Patrem
1073 1781 1213 1856 eximio
1232 1807 1363 1856 amore

249 1919 507 2011 prosequutus
529 1918 597 1986 est.

301 2042 422 2116 Haud
440 2040 495 2115 ita
516 2041 639 2115 multo
661 2046 750 2138 post
768 2037 903 2114 P.Viti
922 2040 972 2113 ad
990 2039 1121 2113 aulam
1139 2040 1361 2132 adventum,

250 2170 361 2269 gravi
392 2171 527 2244 morbo
562 2169 603 2242 in
635 2167 841 2243 discrimen
873 2169 1060 2242 adductus
1092 2174 1149 2242 est
1180 2167 1362 2266 Tayacus,

251 2325 413 2396 cumque
438 2297 548 2372 arioli
572 2296 840 2396 quadraginta,
865 2295 1036 2370 remedia
1063 2295 1194 2370 omnia
1220 2297 1364 2371 frustra

251 2433 475 2519 tentassent,
499 2427 616 2500 Pater
646 2451 734 2499 cum
764 2425 875 2502 bona,
900 2425 1124 2522 aegrotantis
1148 2425 1262 2500 venia
1285 2453 1363 2500 me·

252 2556 421 2631 dicinam
443 2555 631 2648 adhibuit,
653 2555 856 2653 pulverem
879 2579 1028 2652 nempe¹
1043 2557 1238 2653 quendam
1262 2563 1364 2630 notae

251 2685 418 2778 virtutis,
432 2710 532 2782 aqua
548 2684 749 2760 benedicta
768 2690 1068 2782 attemperatum
1085 2682 1180 2782 (6745
1198 2685 1362 2760 curavit-

252 2839 326 2912 que
360 2812 547 2911 postridie
582 2839 605 2886 a
638 2838 770 2910 puer0,
806 2838 921 2910 quem
956 2838 1085 2887 seeum
1120 2813 1296 2906 habebat,
1329 2814 1364 2889 ei

210 2975 212 2980 ·
251 2967 392 3016 venam
410 2940 529 3015 incidi
547 2942 597 3015 ad
615 2940 814 3038 sanguinis
833 2941 1091 3016 emissionem.
1145 2941 1249 3016 Hinc
1263 2969 1365 3042 aeger

251 3069 391 3144 melius
422 3068 463 3142 in
494 3067 576 3142 dies
607 3068 723 3165 coepit
752 3069 904 3160 habere,
933 3094 1001 3142 nec
1031 3068 1086 3142 ita
1117 3070 1241 3144 multo
1276 3079 1365 3168 post

252 3199 368 3297 plane
386 3197 593 3271 convaluit.
647 3197 707 3270 Ex
725 3198 859 3272 morbo
877 3204 1081 3290 recreatus,
1101 3198 1258 3273 omnino
1277 3225 1363 3275 con-

252 3325 380 3400 stituit
408 3350 537 3399 secum
566 3323 796 3398 Christianis
820 3324 945 3398 Sacris
974 3324 1264 3422 quamprimum
1292 3326 1363 3399 ini-

252 3455 354 3548 tiari,
374 3480 496 3553 neque
520 3454 602 3552 ipse
626 3460 779 3528 tantum
804 3456 871 3528 sed
895 3454 1034 3551 conjux
1060 3453 1188 3547 etiam,
1211 3462 1250 3529 et
1275 3456 1365 3530 filiae

254 3588 351 3678 duae,
374 3610 461 3658 cum
493 3585 655 3657 necdum
680 3583 715 3657 ei
742 3583 793 3657 sit
816 3583 896 3656 ulla
926 3583 1097 3656 mascula
1123 3584 1263 3680 proles.
1317 3585 1364 3658 ln

255 3738 387 3787 eorum
401 3711 690 3788 ,institutionem
709 3737 810 3785 nunc
828 3711 962 3785 sedulo
976 3711 1167 3785 incumbit
1186 3711 1365 3805 P.Vitus;

255 3865 378 3938 neque
403 3838 462 3913 illi
489 3839 658 3937 segniter
686 3840 880 3914 coelestem
907 3847 1113 3938 capessunt
1138 3841 1365 3935 doctrinam,

254 3969 405 4042 coelitus
436 3967 540 4043 enim
571 3967 698 4042 infuso
733 3968 892 4060 lumine,
915 3967 1056 4042 veteris
1091 3969 1183 4043 vitae
1218 3995 1366 4045 errores

255 4098 403 4171 dudum
424 4102 639 4193 compertos
664 4096 818 4170 habent.
872 4096 999 4170 Pelles
1021 4096 1160 4194 quibus
1182 4098 1366 4173 hactenus

254 4224 487 4300 induebatur
516 4225 744 4320 Imperator,
772 4249 859 4297 cum
888 4231 994 4299 veste
1029 4225 1283 4299 commutavit
1317 4229 1367 4301 ad

255 4355 415 4430 modum
451 4359 627 4430 nostrum
668 4355 973 4444 accommodata;
1013 4353 1215 4427 nonullam
1251 4354 1367 4428 etiam
