3348 5346
856 521 906 597 20

322 779 468 855 flumen
491 805 531 854 se
552 778 789 872 contulisset,
808 778 970 853 vixdum
992 802 1111 875 aquas
1136 776 1329 874 attigerat,
1351 801 1439 850 curn

322 910 459 1010 ingens
500 909 617 1008 piscis
658 909 851 984 nefarium
891 907 1090 982 hominem
1139 932 1187 981 ex
1225 905 1439 1003 improviso

323 1039 493 1130 adortus,
529 1043 738 1135 antequam
774 1061 814 1110 se
848 1035 1018 1132 recipere
1052 1033 1093 1107 in
1133 1032 1262 1131 ripam
1296 1036 1438 1129 posset,

323 1189 507 1264 magnam
530 1163 688 1240 femoris
709 1171 861 1263 partem
885 1187 1018 1237 morsu
1043 1159 1201 1236 avulsit:
1229 1159 1338 1256 cujus
1356 1158 1438 1255 jus·

323 1294 487 1370 tissimae
521 1293 687 1368 lanienae
722 1291 940 1384 acerbitate,
967 1290 1071 1364 intra
1104 1290 1221 1364 breve
1251 1285 1439 1384 temporis

324 1423 506 1522 spatium,
531 1421 666 1497 infelix
692 1420 898 1495 homuncio
923 1446 944 1494 e
964 1419 1066 1493 vivis
1088 1419 1271 1516 expulsus
1295 1424 1368 1492 est:
1397 1415 1440 1490 id

324 1559 461 1652 agente
497 1551 635 1626 scilicit
672 1550 806 1625 divina
834 1548 988 1647 justitia
1020 1555 1063 1622 ut
1096 1547 1163 1646 qui
1197 1547 1313 1644 paulo
1349 1552 1440 1620 ante

324 1683 411 1758 Ave
446 1680 646 1756 Marianos
677 1679 854 1778 globulos
883 1705 924 1754 se
955 1680 1159 1753 devorasse
1187 1675 1438 1775 gloriabatur,

323 1808 501 1908 proprias
529 1833 662 1882 carnes
690 1805 904 1882 etiamnum
935 1805 1049 1880 vivus
1080 1806 1283 1880 devoratas
1311 1827 1438 1878 cerne-

324 1944 394 2012 ret.

599 2136 666 2204 (80.)
685 2135 806 2186 Aucron
819 2135 976 2199 Ircmrrus,
989 2135 1076 2185 Arno
1090 2135 1163 2184 1042.

375 2315 424 2388 In
445 2313 630 2388 missione
652 2313 913 2414 Marylandiae
933 2321 1012 2388 tres
1035 2319 1189 2387 tantum
1213 2336 1314 2386 anno
1339 2311 1439 2386 1642
1473 2405 1479 2413 ,

319 2446 404 2542 jam
440 2443 572 2541 elapso
612 2443 819 2518 habuimus
860 2443 992 2536 sociae,
1028 2467 1167 2540 eosque
1205 2441 1437 2516 sacerdotes:

326 2597 490 2671 quorum
519 2597 618 2646 unus
644 2571 840 2646 tremestri
867 2571 984 2646 etiam
1011 2570 1242 2670 aegritudine
1267 2568 1341 2644 fuit
1366 2568 1438 2643 im-

326 2701 492 2800 peditus
557 2701 597 2774 Is
631 2700 706 2774 fuit
746 2701 790 2774 P.
827 2701 1018 2798 Rogerius
1060 2700 1260 2798 Rigbaeus:
1297 2697 1439 2796 reliqui

326 2833 402 2905 duo
432 2831 476 2904 P.
502 2829 710 2928 Philippus
739 2829 924 2904 Fisherus
952 2829 1153 2904 Missionis
1181 2826 1374 2926 Superior,
1400 2834 1440 2902 et

327 2961 371 3034 P.
398 2961 590 3034 Andraeas
608 2958 735 3032 Vitus.
788 2958 864 3047 Qui
891 2943 1051 3056 majoris
1079 2959 1225 3033 fructus
1256 2957 1437 3054 colligen-

327 3089 367 3164 di
395 3114 510 3163 causa
536 3113 618 3162 sese
646 3087 687 3160 in
713 3087 823 3162 varia
851 3087 934 3162 loca
962 3087 1227 3187 dispertivbre.
1279 3087 1374 3184 Supf
1392 3087 1437 3160 P.

327 3216 535 3315 Philippus
566 3215 606 3289 in
638 3217 674 3290 S.
703 3215 843 3290 Mariae
873 3215 1068 3315 praecipuo
1099 3216 1259 3291 coloniae
1294 3216 1437 3314 oppido

326 3345 466 3442 majori
506 3371 553 3419 ex
592 3351 702 3442 parte
743 3343 898 3437 mansit,
935 3370 1009 3442 quo
1048 3370 1136 3419 cum
1176 3343 1329 3442 AngliS,
1371 3345 1438 3442 qui

325 3473 604 3572 frequentiores
640 3473 694 3547 ibi
731 3475 886 3571 degunt,
922 3481 1006 3547 tum
1047 3473 1165 3548 etiam
1206 3473 1327 3566 Indis,
1360 3499 1439 3548 non

326 3604 461 3702 procul
497 3603 735 3700 degentibus
763 3609 878 3700 atque
908 3602 1026 3677 etiam
1060 3603 1152 3676 illuc
1180 3603 1337 3677 aliunde
1371 3605 1437 3677 ad·

327 3731 586 3824 ventantibuS,
616 3731 841 3806 consuleret.
895 3731 939 3805 P.
968 3731 1159 3806 Andraeas
1191 3756 1231 3806 se
1259 3733 1309 3806 ad
1338 3732 1437 3830 pris·

327 3861 451 3936 tinam
482 3860 695 3934 Stationem
731 3859 949 3934 Pascatavii
984 3861 1157 3935 contulit.
1227 3861 1270 3934 P.
1307 3867 1437 3936 autem

329 3991 519 4092 Rogerius
554 3993 604 4066 ad
639 4015 781 4065 novam
818 3991 1084 4065 Residentiam
1113 4017 1230 4089 quam
1261 3991 1437 4066 Patuxen

328 4120 480 4220 vulgari
520 4120 704 4195 idiomate
744 4119 954 4216 appellant,
991 4119 1132 4212 abibat,
1172 4145 1246 4217 quo
1287 4119 1437 4193 facilius

330 4254 505 4329 Indicam
539 4252 715 4349 linguam
750 4249 974 4341 addisceret,
1011 4248 1160 4347 aliquos
1195 4247 1313 4322 etiam
1349 4273 1436 4321 neo-

328 4385 469 4483 phytos
496 4381 620 4479 magis
644 4380 684 4454 in
706 4381 781 4454 fide
802 4378 973 4452 erudiret
999 4403 1041 4453 ac
1062 4380 1322 4468 confirmaret;
1348 4375 1438 4452 fidei
