3402 5360
849 521 899 596 39

317 743 355 812 ot
381 737 513 837 sylvas
540 737 696 833 sciuros,
716 736 901 836 perdices,
920 735 1050 835 pullos
1071 734 1231 829 indicos,
1250 736 1428 833 ferasque

317 873 523 944 venantur.
567 868 721 944 Horum
740 867 845 943 enim
868 866 1044 942 omnium
1067 864 1205 965 ingens
1223 872 1282 941 est
1305 863 1426 963 copia,

317 998 540 1097 quanquam
572 998 745 1073 nondum
781 995 891 1072 nobis
919 995 995 1094 ipsi
1026 995 1207 1094 expedire
1242 994 1428 1070 alimenta

318 1133 463 1204 venatu
489 1128 712 1220 audeamus,
740 1133 847 1202 metu
873 1125 1116 1201 insidiarum.

368 1253 514 1331 Domos
531 1255 721 1348 habitant,
740 1255 844 1331 ovali
862 1256 987 1330 format
1003 1254 1171 1354 oblonga
1188 1260 1427 1330 constructas

318 1411 458 1462 novem
489 1385 552 1461 vel
580 1388 712 1462 deoem
742 1389 859 1484 pedes
890 1386 1001 1462 altas.
1056 1386 1105 1460 Iu
1136 1385 1207 1460 has
1238 1385 1372 1460 lumen
1404 1385 1427 1458 a

316 1521 417 1591 teoto
435 1515 657 1592 admittitur
681 1516 850 1592 fenestra
875 1514 1036 1591 cubitali
1049 1521 1061 1606 ;'
1085 1514 1156 1590 illa
1173 1514 1292 1590 etiam
1318 1515 1426 1589 fumo

318 1644 527 1720 auferendo
544 1644 719 1736 inservit,
738 1646 828 1719 nam
847 1644 979 1743 ignem
997 1643 1125 1719 medio
1143 1643 1184 1718 in
1202 1643 1427 1742 pavimento

318 1776 534 1850 accendunt
550 1781 589 1850 et
611 1773 712 1849 cirea
729 1773 859 1873 ignem
879 1772 1090 1850 dormiunt.
1147 1773 1273 1872 Reges
1294 1779 1426 1848 tamen

317 1907 356 1978 et
385 1900 580 2001 principes
610 1902 698 1996 viri,
729 1927 800 1978 sua
834 1903 978 1977 habent
1009 1901 1119 1977 velut
1148 1899 1358 1995 conclavia,
1389 1907 1429 1975 et

317 2030 461 2106 lectum
487 2037 653 2129 quatuor
677 2030 811 2106 fulcris
837 2029 878 2105 in
904 2037 1050 2107 terram
1078 2029 1236 2122 adactis,
1261 2037 1300 2105 et
1325 2054 1425 2104 asse·

315 2157 425 2234 ribus
449 2157 703 2258 superpositis
729 2158 770 2233 in
797 2165 976 2235 stratum.
1029 2158 1133 2234 Mihi
1159 2164 1198 2234 et
1223 2157 1354 2252 Sociis,
1380 2183 1427 2233 ex

316 2287 378 2362 his
406 2287 548 2363 casulis
578 2313 657 2364 una
686 2287 836 2387 obtigit,
863 2287 903 2362 in
936 2288 1013 2386 qua
1040 2293 1111 2380 sat,
1139 2311 1210 2385 pro
1240 2293 1425 2386 tempore,

316 2419 517 2496 commode
550 2418 751 2512 habemur,
783 2420 903 2493 donee
933 2415 1097 2493 aedifieia
1127 2422 1315 2515 parentur
1346 2416 1425 2490 lax-

316 2545 410 2620 iora.
462 2546 797 2645 Illam‚‘primi1m
828 2545 1090 2646 Marylandiae
1121 2545 1309 2620 sacellum
1344 2545 1425 2621 dix·

317 2677 405 2772 eris,
432 2679 656 2777 quanquam
684 2679 789 2754 haud
819 2679 937 2777 paulb
966 2676 1164 2752 decentius
1192 2675 1427 2752 instructum

317 2807 434 2906 quam
461 2807 549 2882 oiim
576 2807 625 2882 ab
652 2806 763 2883 Indis
791 2806 1053 2882 habitabatur.
1106 2803 1292 2879 Proxime
1318 2804 1426 2880 navi·
1480 2869 1485 2888 ,

315 2933 481 3034 gatione‚
509 2933 542 3009 si
571 2935 677 3010 Deus
703 2935 840 3033 coeptis
867 2940 1025 3028 annuat,
1046 2958 1122 3007 non
1149 2933 1313 3008 deerunt
1341 2957 1426 3008 nos·
1509 2941 1511 2948 ’

315 3065 400 3158 tris,
426 3091 513 3165 quae
539 3065 676 3141 ceteris
701 3065 741 3140 in
768 3065 947 3142 domibus
966 3071 1059 3140 sunt
1084 3063 1173 3139 usui
1200 3063 1426 3139 necessaria.

368 3193 487 3270 Genti
512 3193 663 3270 indoles
689 3193 859 3294 ingenua
885 3200 944 3269 est
970 3200 1008 3270 et
1035 3193 1137 3286 laeta,
1165 3197 1205 3266 et
1231 3216 1319 3290 quae
1337 3217 1428 3268 ¹rem

315 3324 435 3423 probe
461 3323 600 3423 capiat,
627 3325 715 3399 edm
741 3323 994 3424 proponitur3
1021 3329 1140 3420 gustu
1166 3321 1362 3397 excellunt
1387 3331 1426 3398 et

318 3456 504 3548 odoratu3
542 3454 630 3530 visu
660 3454 778 3531 etiam
810 3455 1023 3552 Europaeos
1054 3459 1252 3549 superant.
1306 3450 1426 3526 Victi·

318 3589 405 3658 tant
431 3582 662 3682 plerumque
689 3583 799 3682 pulte
825 3607 940 3681 quem
970 3582 1070 3656 Pone
1095 3584 1134 3654 et
1157 3580 1270 3654 omini
1296 3579 1428 3678 appel·
