3348 5346
754 524 800 599 :27

220 781 380 856 desiisse
402 788 578 856 sanctum
604 805 744 856 nomen
770 782 794 854 J
797 806 864 855 esu
889 780 1078 873 invocare,
1098 779 1159 853 cui
1180 803 1334 876 recupe-

220 917 347 984 ratam
383 909 649 984 valetudinem
684 909 891 983 tribuebat.
955 907 1110 999 Omnes,
1146 906 1212 1004 qui
1248 931 1335 980 cum

221 1039 338 1113 Patre
366 1039 407 1112 in
436 1038 616 1112 navicula
644 1045 765 1128 erant,
788 1063 871 1110 rem
896 1061 1051 1110 omnem
1083 1043 1122 1110 et
1150 1035 1269 1109 oculis
1298 1041 1337 1109 ct

222 1168 380 1243 auribus
415 1175 658 1267 usurpantes,
686 1168 727 1242 in
760 1168 833 1242 Dei
865 1169 1022 1242 laudem
1053 1175 1092 1242 et
1121 1167 1335 1265 gratiarum

222 1299 411 1373 actionem
433 1305 692 1396 erumpentes,
711 1321 947 1396 magnopere
971 1298 1042 1371 hoc
1066 1297 1251 1371 miraculo
1274 1322 1334 1371 ex-

221 1427 390 1521 hilarati,
418 1435 456 1502 et
486 1427 527 1501 in
562 1429 637 1501 fide
672 1426 888 1500 confirmati
924 1433 1025 1500 sunt.
1089 1426 1216 1518 Pater,
1244 1449 1335 1499 vero

221 1557 420 1630 hominem
443 1558 667 1648 admonens,
690 1561 743 1648 ut,
763 1579 913 1629 memor
939 1579 1091 1652 semper
1114 1553 1215 1628 tanti
1238 1561 1335 1628 tam·

221 1710 296 1782 que
314 1685 512 1759 manifesti
529 1683 714 1777 beneficii,
729 1683 875 1782 gratias
888 1689 987 1781 agat,
1003 1707 1220 1780 nomenque
1237 1682 1337 1757 illud

222 1811 419 1886 sanctiam
448 1811 815 1909 Sanctissimamque
850 1836 1000 1885 crucem
1035 1836 1166 1885 amore
1196 1836 1240 1884 ac
1269 1810 1336 1884 ho·

222 1966 316 2016 nore
338 1941 519 2040 prosequi
544 1944 669 2016 denuo
694 1948 842 2039 pergat,
862 1943 1027 2015 eundem
1053 1942 1120 2014 abs
1143 1966 1183 2016 se
1207 1941 1336 2016 dimit-

222 2070 282 2144 tit.
353 2071 427 2145 Ille
457 2070 577 2169 igitur
610 2070 764 2144 rediens
795 2070 972 2168 cymbam
1004 2095 1114 2144 suam
1145 2094 1223 2144 una
1250 2095 1337 2144 oum

224 2199 346 2272 altero
381 2198 532 2273 fortiter
566 2223 673 2273 remo
704 2198 941 2296 impellebat,
969 2201 1083 2296 quod,
1111 2198 1186 2272 nisi
1221 2224 1337 2273 sanus

225 2335 263 2400 et
286 2327 435 2401 viribus
459 2327 619 2426 integer,
639 2353 716 2401 non
735 2326 935 2426 potuisset.
988 2328 1085 2402 Haec
1107 2353 1260 2403 summa
1281 2334 1339 2402 est

225 2455 369 2530 laboris
396 2456 512 2530 simul
538 2481 581 2530 ac
606 2457 752 2531 fructus
777 2457 893 2554 hujus
918 2457 1026 2530 anni:
1060 2483 1181 2530 unum
1207 2464 1338 2532 tamen

225 2593 347 2660 restat
365 2612 441 2660 non
461 2587 619 2660 omnino
642 2586 912 2679 omittendum,
931 2611 1044 2684 parce
1066 2593 1197 2660 tamen
1215 2586 1337 2660 liban-

227 2715 337 2805 dum3
365 2713 464 2787 istuc
486 2713 639 2805 scilicet,
660 2739 737 2787 non
762 2713 928 2788 defuisse
952 2714 1152 2812 patientiae
1176 2715 1337 2788 occasio-

228 2866 316 2915 nem
348 2842 397 2914 ab
426 2840 486 2934 iis,
514 2867 537 2915 a
567 2842 706 2940 quibus
735 2842 864 2941 potius
893 2843 1082 2917 auxilium
1110 2850 1149 2917 et
1175 2845 1339 2918 tutelam

228 2995 383 3067 sperare
418 2995 572 3068 aequum
607 2973 749 3064 fuerat3
788 2973 854 3071 qui
889 2973 930 3046 in
965 2998 1027 3047 res
1056 2999 1144 3047 suas
1173 2973 1339 3048 nimium

229 3098 377 3191 attenti,
410 3100 501 3198 (89.)
537 3101 845 3175 Ecclesiasticam
876 3101 1163 3177 immunitatem
1193 3103 1340 3178 violare

229 3251 305 3299 non
328 3234 419 3301 sunt
439 3227 565 3320 veriti,
585 3253 743 3325 operam
766 3230 905 3321 dando,
925 3235 969 3302 ut
989 3229 1093 3326 leges
1115 3229 1209 3303 olim
1227 3229 1339 3304 istius

229 3353 335 3427 modi
353 3352 393 3426 in
412 3353 559 3452 Anglia
576 3380 779 3453 perperam
798 3357 889 3430 latae
907 3363 946 3430 et
966 3363 1139 3449 servatae,
1154 3356 1217 3430 hic
1234 3357 1339 3431 simi-

229 3484 319 3558 liter
336 3484 417 3558 vim
440 3509 551 3558 suam
569 3485 779 3560 obtineant.
833 3485 893 3559 Ne
914 3485 975 3559 cui
1000 3484 1144 3558 scilicet
1164 3511 1340 3583 perseum

230 3612 292 3686 vel
319 3613 588 3688 communitati
615 3613 732 3688 etiam
759 3613 1037 3688 Ecclesiasticae
1058 3612 1181 3707 liceat,
1204 3615 1340 3712 quavis

230 3740 389 3834 ratione,
415 3740 532 3815 etiam
560 3745 660 3816 dono
688 3742 900 3840 quidquam
926 3749 1119 3816 terrarum
1146 3743 1341 3841 acquirere

106 3865 119 3878 ’
231 3875 299 3943 aut
315 3868 523 3966 possidere,
543 3870 618 3944 nisi
640 3870 796 3945 licentia
817 3870 1067 3968 magistratus
1089 3870 1214 3946 civilis
1232 3874 1341 3972 prius

231 3995 375 4070 habita.
426 3997 538 4084 Quod
556 4023 644 4072 cum
662 3998 784 4072 nostri
803 3998 974 4073 dicerent
992 3999 1174 4074 Ecclesiae
1192 4001 1341 4098 legibus

231 4149 467 4222 oppugnare,
495 4126 604 4200 missi
635 4133 725 4201 sunt
760 4153 806 4201 ex
836 4127 983 4225 Anglia
1013 4129 1088 4202 duo
1119 4129 1341 4202 Sacerdotes

161 4352 165 4360 .
232 4254 298 4355 qui
326 4261 460 4328 contra
488 4255 668 4330 dicerent.
721 4257 797 4330 seu
825 4264 1102 4354 contraquam
1132 4258 1342 4354 putabatur

232 4385 376 4458 factum
401 4390 470 4458 est.
523 4384 626 4458 Nam
651 4384 794 4458 nostris
815 4384 1030 4458 rationibus
1053 4384 1206 4476 auditis,
1225 4411 1342 4483 reque
