<?xml version="1.0" encoding="UTF-8"?>
<!DOCTYPE html PUBLIC "-//W3C//DTD XHTML 1.0 Transitional//EN"
    "http://www.w3.org/TR/xhtml1/DTD/xhtml1-transitional.dtd">
<html xmlns="http://www.w3.org/1999/xhtml" xml:lang="en" lang="en">
 <head>
  <title>
</title>
<meta http-equiv="Content-Type" content="text/html;charset=utf-8" />
  <meta name='ocr-system' content='tesseract 3.04.00' />
  <meta name='ocr-capabilities' content='ocr_page ocr_carea ocr_par ocr_line ocrx_word'/>
</head>
<body>
  <div class='ocr_page' id='page_1' title='image "./relatioitineris00dalrgoog/relatioitineris00dalrgoog_0086.png"; bbox 0 0 3328 5352; ppageno 0'>
   <div class='ocr_carea' id='block_1_1' title="bbox 853 505 904 580">
    <p class='ocr_par' dir='ltr' id='par_1_1' title="bbox 853 505 904 580">
     <span class='ocr_line' id='line_1_1' title="bbox 853 505 904 580; baseline 0.039 -2"><span class='ocrx_word' id='word_1_1' title='bbox 853 505 904 580; x_wconf 87' lang='grc'>46</span> 
     </span>
    </p>
   </div>
   <div class='ocr_carea' id='block_1_2' title="bbox 318 718 1486 4178">
    <p class='ocr_par' dir='ltr' id='par_1_2' title="bbox 322 718 1436 1444">
     <span class='ocr_line' id='line_1_2' title="bbox 373 718 1436 818; baseline 0.001 -24"><span class='ocrx_word' id='word_1_2' title='bbox 373 720 622 818; x_wconf 74' lang='lat' dir='ltr'><strong>Quapropter</strong></span> <span class='ocrx_word' id='word_1_3' title='bbox 665 718 944 795; x_wconf 90' lang='lat' dir='ltr'>Nobilissimus</span> <span class='ocrx_word' id='word_1_4' title='bbox 988 721 1091 796; x_wconf 88' lang='lat' dir='ltr'>Baro</span> <span class='ocrx_word' id='word_1_5' title='bbox 1125 720 1227 797; x_wconf 84' lang='lat' dir='ltr'>circe</span> <span class='ocrx_word' id='word_1_6' title='bbox 1261 720 1436 797; x_wconf 89' lang='lat' dir='ltr'>medium</span> 
     </span>
     <span class='ocr_line' id='line_1_3' title="bbox 324 849 1436 948; baseline -0.002 -23"><span class='ocrx_word' id='word_1_7' title='bbox 324 851 591 948; x_wconf 82' lang='lat' dir='ltr'>Septembrem</span> <span class='ocrx_word' id='word_1_8' title='bbox 619 849 794 947; x_wconf 86' lang='lat' dir='ltr'>proxime</span> <span class='ocrx_word' id='word_1_9' title='bbox 813 849 1091 948; x_wconf 83' lang='lat' dir='ltr'>insequentem,</span> <span class='ocrx_word' id='word_1_10' title='bbox 1110 849 1151 925; x_wconf 88' lang='lat' dir='ltr'>in</span> <span class='ocrx_word' id='word_1_11' title='bbox 1170 875 1215 925; x_wconf 84' lang='lat' dir='ltr'>ea</span> <span class='ocrx_word' id='word_1_12' title='bbox 1238 850 1333 942; x_wconf 86' lang='lat' dir='ltr'>loca,</span> <span class='ocrx_word' id='word_1_13' title='bbox 1353 849 1436 923; x_wconf 91' lang='lat' dir='ltr'>Deo</span> 
     </span>
     <span class='ocr_line' id='line_1_4' title="bbox 324 977 1435 1078; baseline -0.003 -25"><span class='ocrx_word' id='word_1_14' title='bbox 324 981 546 1078; x_wconf 87' lang='lat' dir='ltr'>adjuvante,</span> <span class='ocrx_word' id='word_1_15' title='bbox 574 979 662 1053; x_wconf 87' lang='lat' dir='ltr'>vela</span> <span class='ocrx_word' id='word_1_16' title='bbox 687 978 860 1053; x_wconf 82' lang='lat' dir='ltr'>facturus</span> <span class='ocrx_word' id='word_1_17' title='bbox 887 983 965 1054; x_wconf 83' lang='lat' dir='ltr'>est:</span> <span class='ocrx_word' id='word_1_18' title='bbox 994 979 1129 1078; x_wconf 90' lang='lat' dir='ltr'>iisque,</span> <span class='ocrx_word' id='word_1_19' title='bbox 1157 1003 1253 1077; x_wconf 90' lang='lat' dir='ltr'>quos</span> <span class='ocrx_word' id='word_1_20' title='bbox 1280 977 1366 1071; x_wconf 88' lang='lat' dir='ltr'>sibi,</span> <span class='ocrx_word' id='word_1_21' title='bbox 1393 977 1435 1051; x_wconf 95' lang='lat' dir='ltr'>in</span> 
     </span>
     <span class='ocr_line' id='line_1_5' title="bbox 322 1106 1436 1206; baseline -0.004 -22"><span class='ocrx_word' id='word_1_22' title='bbox 322 1109 403 1184; x_wconf 85' lang='lat' dir='ltr'>tem</span> <span class='ocrx_word' id='word_1_23' title='bbox 435 1107 623 1206; x_wconf 83' lang='lat' dir='ltr'>praeclaro</span> <span class='ocrx_word' id='word_1_24' title='bbox 653 1106 817 1205; x_wconf 90' lang='lat' dir='ltr'>incepto,</span> <span class='ocrx_word' id='word_1_25' title='bbox 847 1107 968 1182; x_wconf 90' lang='lat' dir='ltr'>socios</span> <span class='ocrx_word' id='word_1_26' title='bbox 1000 1134 1043 1182; x_wconf 90' lang='lat' dir='ltr'>ac</span> <span class='ocrx_word' id='word_1_27' title='bbox 1075 1109 1270 1206; x_wconf 90' lang='lat' dir='ltr'>adjutores</span> <span class='ocrx_word' id='word_1_28' title='bbox 1299 1111 1436 1180; x_wconf 87' lang='lat' dir='ltr'>nactus</span> 
     </span>
     <span class='ocr_line' id='line_1_6' title="bbox 322 1237 1436 1338; baseline -0.003 -25"><span class='ocrx_word' id='word_1_29' title='bbox 322 1238 450 1333; x_wconf 87' lang='lat' dir='ltr'>fuerit,</span> <span class='ocrx_word' id='word_1_30' title='bbox 482 1237 789 1313; x_wconf 78' lang='lat' dir='ltr'>cumulatissime</span> <span class='ocrx_word' id='word_1_31' title='bbox 826 1239 951 1314; x_wconf 90' lang='lat' dir='ltr'>multa</span> <span class='ocrx_word' id='word_1_32' title='bbox 987 1265 1031 1314; x_wconf 89' lang='lat' dir='ltr'>ac</span> <span class='ocrx_word' id='word_1_33' title='bbox 1067 1237 1287 1338; x_wconf 74' lang='lat' dir='ltr'>largissime</span> <span class='ocrx_word' id='word_1_34' title='bbox 1323 1237 1436 1335; x_wconf 94' lang='lat' dir='ltr'>polli-</span> 
     </span>
     <span class='ocr_line' id='line_1_7' title="bbox 322 1375 440 1444; baseline 0 0"><span class='ocrx_word' id='word_1_35' title='bbox 322 1375 440 1444; x_wconf 89' lang='lat' dir='ltr'>cetur.</span> 
     </span>
    </p>

    <p class='ocr_par' dir='ltr' id='par_1_3' title="bbox 318 1495 1486 4178">
     <span class='ocr_line' id='line_1_8' title="bbox 374 1495 1435 1596; baseline -0.001 -24"><span class='ocrx_word' id='word_1_36' title='bbox 374 1497 548 1586; x_wconf 73' lang='lat' dir='ltr'>Quorum</span> <span class='ocrx_word' id='word_1_37' title='bbox 568 1497 610 1572; x_wconf 91' lang='lat' dir='ltr'>id</span> <span class='ocrx_word' id='word_1_38' title='bbox 635 1496 809 1596; x_wconf 90' lang='lat' dir='ltr'>primum</span> <span class='ocrx_word' id='word_1_39' title='bbox 828 1523 871 1572; x_wconf 90' lang='lat' dir='ltr'>ac</span> <span class='ocrx_word' id='word_1_40' title='bbox 898 1497 1140 1596; x_wconf 76' lang='lat' dir='ltr'>praecipuum</span> <span class='ocrx_word' id='word_1_41' title='bbox 1159 1503 1218 1572; x_wconf 90' lang='lat' dir='ltr'>est</span> <span class='ocrx_word' id='word_1_42' title='bbox 1235 1501 1295 1594; x_wconf 87' lang='lat' dir='ltr'>(ut</span> <span class='ocrx_word' id='word_1_43' title='bbox 1320 1495 1435 1571; x_wconf 90' lang='lat' dir='ltr'>omit-</span> 
     </span>
     <span class='ocr_line' id='line_1_9' title="bbox 322 1623 1433 1725; baseline -0.002 -26"><span class='ocrx_word' id='word_1_44' title='bbox 322 1631 404 1700; x_wconf 88' lang='lat' dir='ltr'>tam</span> <span class='ocrx_word' id='word_1_45' title='bbox 428 1625 585 1700; x_wconf 91' lang='lat' dir='ltr'>honoris</span> <span class='ocrx_word' id='word_1_46' title='bbox 604 1651 647 1700; x_wconf 88' lang='lat' dir='ltr'>ac</span> <span class='ocrx_word' id='word_1_47' title='bbox 669 1625 741 1701; x_wconf 90' lang='lat' dir='ltr'>loci</span> <span class='ocrx_word' id='word_1_48' title='bbox 761 1625 982 1724; x_wconf 84' lang='lat' dir='ltr'>dignitates,</span> <span class='ocrx_word' id='word_1_49' title='bbox 1003 1652 1090 1725; x_wconf 88' lang='lat' dir='ltr'>quae</span> <span class='ocrx_word' id='word_1_50' title='bbox 1114 1625 1262 1718; x_wconf 91' lang='lat' dir='ltr'>honori,</span> <span class='ocrx_word' id='word_1_51' title='bbox 1282 1623 1433 1717; x_wconf 90' lang='lat' dir='ltr'>virtuti,</span> 
     </span>
     <span class='ocr_line' id='line_1_10' title="bbox 322 1749 1435 1854; baseline -0.002 -26"><span class='ocrx_word' id='word_1_52' title='bbox 322 1749 553 1848; x_wconf 88' lang='lat' dir='ltr'>fortitudini,</span> <span class='ocrx_word' id='word_1_53' title='bbox 572 1756 765 1853; x_wconf 82' lang='lat' dir='ltr'>rebusque</span> <span class='ocrx_word' id='word_1_54' title='bbox 782 1755 901 1854; x_wconf 87' lang='lat' dir='ltr'>gestis</span> <span class='ocrx_word' id='word_1_55' title='bbox 925 1755 1139 1830; x_wconf 76' lang='lat' dir='ltr'>liberaliter</span> <span class='ocrx_word' id='word_1_56' title='bbox 1158 1779 1201 1829; x_wconf 91' lang='lat' dir='ltr'>ac</span> <span class='ocrx_word' id='word_1_57' title='bbox 1225 1753 1435 1829; x_wconf 89' lang='lat' dir='ltr'>honorifice</span> 
     </span>
     <span class='ocr_line' id='line_1_11' title="bbox 321 1881 1435 1982; baseline -0.004 -22"><span class='ocrx_word' id='word_1_58' title='bbox 321 1884 561 1980; x_wconf 87' lang='lat' dir='ltr'>tribuantur)</span> <span class='ocrx_word' id='word_1_59' title='bbox 576 1891 620 1958; x_wconf 88' lang='lat' dir='ltr'>ut</span> <span class='ocrx_word' id='word_1_60' title='bbox 633 1883 854 1982; x_wconf 89' lang='lat' dir='ltr'>quicunque</span> <span class='ocrx_word' id='word_1_61' title='bbox 866 1885 971 1981; x_wconf 82' lang='lat'>(100)</span> <span class='ocrx_word' id='word_1_62' title='bbox 986 1891 1141 1959; x_wconf 89' lang='lat' dir='ltr'>centum</span> <span class='ocrx_word' id='word_1_63' title='bbox 1158 1883 1298 1957; x_wconf 80' lang='lat' dir='ltr'>Libras</span> <span class='ocrx_word' id='word_1_64' title='bbox 1313 1908 1359 1956; x_wconf 89' lang='lat' dir='ltr'>an</span> <span class='ocrx_word' id='word_1_65' title='bbox 1364 1881 1435 1981; x_wconf 92' lang='lat' dir='ltr'>gli-</span> 
     </span>
     <span class='ocr_line' id='line_1_12' title="bbox 321 2011 1434 2117; baseline 0 -31"><span class='ocrx_word' id='word_1_66' title='bbox 321 2037 436 2086; x_wconf 89' lang='lat' dir='ltr'>canas</span> <span class='ocrx_word' id='word_1_67' title='bbox 455 2014 506 2087; x_wconf 88' lang='lat' dir='ltr'>ad</span> <span class='ocrx_word' id='word_1_68' title='bbox 532 2014 702 2110; x_wconf 93' lang='lat' dir='ltr'>quinque</span> <span class='ocrx_word' id='word_1_69' title='bbox 720 2011 825 2117; x_wconf 85' lang='lat' dir='ltr'>viros</span> <span class='ocrx_word' id='word_1_70' title='bbox 851 2014 1174 2110; x_wconf 86' lang='lat' dir='ltr'>transportandos</span> <span class='ocrx_word' id='word_1_71' title='bbox 1193 2013 1312 2110; x_wconf 89' lang='lat' dir='ltr'>(quod</span> <span class='ocrx_word' id='word_1_72' title='bbox 1339 2011 1434 2086; x_wconf 85' lang='lat' dir='ltr'>satis</span> 
     </span>
     <span class='ocr_line' id='line_1_13' title="bbox 320 2140 1434 2234; baseline -0.002 -18"><span class='ocrx_word' id='word_1_73' title='bbox 320 2141 395 2216; x_wconf 88' lang='lat' dir='ltr'>erit</span> <span class='ocrx_word' id='word_1_74' title='bbox 422 2146 508 2216; x_wconf 88' lang='lat' dir='ltr'>t&#39;um</span> <span class='ocrx_word' id='word_1_75' title='bbox 539 2143 590 2215; x_wconf 87' lang='lat' dir='ltr'>ad</span> <span class='ocrx_word' id='word_1_76' title='bbox 618 2165 738 2234; x_wconf 89' lang='lat' dir='ltr'>arma,</span> <span class='ocrx_word' id='word_1_77' title='bbox 768 2148 852 2214; x_wconf 86' lang='lat' dir='ltr'>turn</span> <span class='ocrx_word' id='word_1_78' title='bbox 882 2143 933 2215; x_wconf 88' lang='lat' dir='ltr'>ad</span> <span class='ocrx_word' id='word_1_79' title='bbox 963 2140 1236 2232; x_wconf 89' lang='lat' dir='ltr'>instrumenta,</span> <span class='ocrx_word' id='word_1_80' title='bbox 1266 2145 1352 2215; x_wconf 89' lang='lat' dir='ltr'>tum</span> <span class='ocrx_word' id='word_1_81' title='bbox 1383 2143 1434 2214; x_wconf 89' lang='lat' dir='ltr'>ad</span> 
     </span>
     <span class='ocr_line' id='line_1_14' title="bbox 319 2267 1435 2363; baseline 0.002 -21"><span class='ocrx_word' id='word_1_82' title='bbox 319 2276 447 2344; x_wconf 87' lang='lat' dir='ltr'>vestes</span> <span class='ocrx_word' id='word_1_83' title='bbox 474 2269 580 2344; x_wconf 87' lang='lat' dir='ltr'>etad</span> <span class='ocrx_word' id='word_1_84' title='bbox 607 2267 704 2343; x_wconf 87' lang='lat' dir='ltr'>alias</span> <span class='ocrx_word' id='word_1_85' title='bbox 730 2293 793 2342; x_wconf 87' lang='lat' dir='ltr'>res</span> <span class='ocrx_word' id='word_1_86' title='bbox 820 2267 1070 2363; x_wconf 90' lang='lat' dir='ltr'>necessarias)</span> <span class='ocrx_word' id='word_1_87' title='bbox 1098 2268 1331 2361; x_wconf 85' lang='lat' dir='ltr'>numerabit,</span> <span class='ocrx_word' id='word_1_88' title='bbox 1351 2269 1435 2344; x_wconf 86' lang='lat' dir='ltr'>sive</span> 
     </span>
     <span class='ocr_line' id='line_1_15' title="bbox 319 2395 1432 2496; baseline 0.002 -26"><span class='ocrx_word' id='word_1_89' title='bbox 319 2395 416 2495; x_wconf 87' lang='lat' dir='ltr'>ipsis</span> <span class='ocrx_word' id='word_1_90' title='bbox 444 2397 573 2471; x_wconf 84' lang='lat' dir='ltr'>visum</span> <span class='ocrx_word' id='word_1_91' title='bbox 605 2396 721 2472; x_wconf 82' lang='lat' dir='ltr'>fuerit</span> <span class='ocrx_word' id='word_1_92' title='bbox 750 2421 790 2471; x_wconf 89' lang='lat' dir='ltr'>se</span> <span class='ocrx_word' id='word_1_93' title='bbox 822 2397 933 2471; x_wconf 88' lang='lat' dir='ltr'>nobis</span> <span class='ocrx_word' id='word_1_94' title='bbox 962 2397 1186 2496; x_wconf 87' lang='lat' dir='ltr'>adjungere,</span> <span class='ocrx_word' id='word_1_95' title='bbox 1215 2421 1284 2472; x_wconf 90' lang='lat' dir='ltr'>seu</span> <span class='ocrx_word' id='word_1_96' title='bbox 1314 2397 1432 2491; x_wconf 90' lang='lat' dir='ltr'>viros,</span> 
     </span>
     <span class='ocr_line' id='line_1_16' title="bbox 319 2525 1486 2626; baseline 0 -24"><span class='ocrx_word' id='word_1_97' title='bbox 319 2525 603 2625; x_wconf 83' lang='lat' dir='ltr'>pecuniamque</span> <span class='ocrx_word' id='word_1_98' title='bbox 637 2526 697 2620; x_wconf 90' lang='lat' dir='ltr'>iis,</span> <span class='ocrx_word' id='word_1_99' title='bbox 733 2527 875 2626; x_wconf 91' lang='lat' dir='ltr'>quibus</span> <span class='ocrx_word' id='word_1_100' title='bbox 918 2527 990 2602; x_wconf 92' lang='lat' dir='ltr'>hoc</span> <span class='ocrx_word' id='word_1_101' title='bbox 1025 2552 1169 2602; x_wconf 89' lang='lat' dir='ltr'>munus</span> <span class='ocrx_word' id='word_1_102' title='bbox 1203 2527 1432 2625; x_wconf 90' lang='lat' dir='ltr'>impositum</span> <span class='ocrx_word' id='word_1_103' title='bbox 1483 2569 1486 2573; x_wconf 96' lang='lat'>·</span> 
     </span>
     <span class='ocr_line' id='line_1_17' title="bbox 318 2655 1432 2750; baseline 0 -18"><span class='ocrx_word' id='word_1_104' title='bbox 318 2656 447 2750; x_wconf 87' lang='lat' dir='ltr'>fuerit,</span> <span class='ocrx_word' id='word_1_105' title='bbox 483 2656 566 2731; x_wconf 89' lang='lat' dir='ltr'>sive</span> <span class='ocrx_word' id='word_1_106' title='bbox 609 2655 721 2731; x_wconf 89' lang='lat' dir='ltr'>alteri</span> <span class='ocrx_word' id='word_1_107' title='bbox 765 2655 890 2731; x_wconf 93' lang='lat' dir='ltr'>cuivis</span> <span class='ocrx_word' id='word_1_108' title='bbox 929 2656 1168 2732; x_wconf 83' lang='lat' dir='ltr'>commiserit</span> <span class='ocrx_word' id='word_1_109' title='bbox 1211 2664 1255 2732; x_wconf 86' lang='lat' dir='ltr'>ut</span> <span class='ocrx_word' id='word_1_110' title='bbox 1297 2682 1432 2732; x_wconf 89' lang='lat' dir='ltr'>eorum</span> 
     </span>
     <span class='ocr_line' id='line_1_18' title="bbox 319 2785 1431 2886; baseline 0 -25"><span class='ocrx_word' id='word_1_111' title='bbox 319 2811 453 2862; x_wconf 88' lang='lat' dir='ltr'>curam</span> <span class='ocrx_word' id='word_1_112' title='bbox 479 2792 599 2884; x_wconf 84' lang='lat' dir='ltr'>gerat,</span> <span class='ocrx_word' id='word_1_113' title='bbox 619 2792 658 2860; x_wconf 86' lang='lat' dir='ltr'>et</span> <span class='ocrx_word' id='word_1_114' title='bbox 683 2785 915 2862; x_wconf 87' lang='lat' dir='ltr'>divisionem</span> <span class='ocrx_word' id='word_1_115' title='bbox 935 2811 1118 2884; x_wconf 85' lang='lat' dir='ltr'>agrorum</span> <span class='ocrx_word' id='word_1_116' title='bbox 1137 2785 1320 2886; x_wconf 86' lang='lat' dir='ltr'>recipiat:</span> <span class='ocrx_word' id='word_1_117' title='bbox 1349 2787 1431 2861; x_wconf 89' lang='lat' dir='ltr'>suis</span> 
     </span>
     <span class='ocr_line' id='line_1_19' title="bbox 319 2913 1432 3014; baseline 0 -24"><span class='ocrx_word' id='word_1_118' title='bbox 319 2915 511 3008; x_wconf 91' lang='lat' dir='ltr'>omnibus,</span> <span class='ocrx_word' id='word_1_119' title='bbox 530 2913 639 3013; x_wconf 88' lang='lat' dir='ltr'>suisq</span> <span class='ocrx_word' id='word_1_120' title='bbox 664 2915 885 2990; x_wconf 84' lang='lat' dir='ltr'>haeredibus</span> <span class='ocrx_word' id='word_1_121' title='bbox 912 2915 952 2990; x_wconf 92' lang='lat' dir='ltr'>in</span> <span class='ocrx_word' id='word_1_122' title='bbox 980 2924 1213 3014; x_wconf 87' lang='lat' dir='ltr'>perpetuum</span> <span class='ocrx_word' id='word_1_123' title='bbox 1240 2915 1432 3014; x_wconf 87' lang='lat' dir='ltr'>possessio</span> 
     </span>
     <span class='ocr_line' id='line_1_20' title="bbox 320 3041 1434 3142; baseline -0.002 -24"><span class='ocrx_word' id='word_1_124' title='bbox 320 3041 405 3140; x_wconf 89' lang='lat' dir='ltr'>agri</span> <span class='ocrx_word' id='word_1_125' title='bbox 422 3041 515 3116; x_wconf 91' lang='lat' dir='ltr'>boni</span> <span class='ocrx_word' id='word_1_126' title='bbox 529 3043 633 3137; x_wconf 80' lang='lat'>(200)</span> <span class='ocrx_word' id='word_1_127' title='bbox 649 3044 903 3117; x_wconf 87' lang='lat' dir='ltr'>ducentorum</span> <span class='ocrx_word' id='word_1_128' title='bbox 918 3043 1103 3140; x_wconf 88' lang='lat' dir='ltr'>jugerum</span> <span class='ocrx_word' id='word_1_129' title='bbox 1118 3042 1434 3142; x_wconf 86' lang='lat' dir='ltr'>assignabitur-</span> 
     </span>
     <span class='ocr_line' id='line_1_21' title="bbox 320 3169 1431 3270; baseline -0.001 -23"><span class='ocrx_word' id='word_1_130' title='bbox 320 3171 493 3264; x_wconf 87' lang='lat' dir='ltr'>adhaec,</span> <span class='ocrx_word' id='word_1_131' title='bbox 526 3170 559 3245; x_wconf 91' lang='lat' dir='ltr'>si</span> <span class='ocrx_word' id='word_1_132' title='bbox 589 3169 630 3244; x_wconf 93' lang='lat' dir='ltr'>in</span> <span class='ocrx_word' id='word_1_133' title='bbox 661 3169 790 3269; x_wconf 79' lang='lat' dir='ltr'>prime</span> <span class='ocrx_word' id='word_1_134' title='bbox 820 3171 1077 3270; x_wconf 83' lang='lat' dir='ltr'>expeditione,</span> <span class='ocrx_word' id='word_1_135' title='bbox 1106 3171 1229 3246; x_wconf 91' lang='lat' dir='ltr'>socios</span> <span class='ocrx_word' id='word_1_136' title='bbox 1261 3197 1301 3246; x_wconf 92' lang='lat' dir='ltr'>se</span> <span class='ocrx_word' id='word_1_137' title='bbox 1332 3197 1431 3270; x_wconf 88' lang='lat' dir='ltr'>prae·</span> 
     </span>
     <span class='ocr_line' id='line_1_22' title="bbox 320 3299 1430 3400; baseline 0 -24"><span class='ocrx_word' id='word_1_138' title='bbox 320 3299 491 3376; x_wconf 88' lang='lat' dir='ltr'>stiterint</span> <span class='ocrx_word' id='word_1_139' title='bbox 521 3325 707 3399; x_wconf 88' lang='lat' dir='ltr'>operamq</span> <span class='ocrx_word' id='word_1_140' title='bbox 736 3300 929 3394; x_wconf 78' lang='lat' dir='ltr'>neverint,</span> <span class='ocrx_word' id='word_1_141' title='bbox 958 3308 1111 3399; x_wconf 89' lang='lat' dir='ltr'>partem</span> <span class='ocrx_word' id='word_1_142' title='bbox 1140 3327 1292 3400; x_wconf 91' lang='lat' dir='ltr'>quoque</span> <span class='ocrx_word' id='word_1_143' title='bbox 1320 3327 1430 3376; x_wconf 88' lang='lat' dir='ltr'>suum</span> 
     </span>
     <span class='ocr_line' id='line_1_23' title="bbox 319 3430 1433 3530; baseline -0.001 -23"><span class='ocrx_word' id='word_1_144' title='bbox 319 3432 426 3507; x_wconf 88' lang='lat' dir='ltr'>haud</span> <span class='ocrx_word' id='word_1_145' title='bbox 460 3430 641 3529; x_wconf 82' lang='lat' dir='ltr'>exiguam</span> <span class='ocrx_word' id='word_1_146' title='bbox 676 3430 717 3505; x_wconf 93' lang='lat' dir='ltr'>in</span> <span class='ocrx_word' id='word_1_147' title='bbox 752 3431 950 3505; x_wconf 82' lang='lat' dir='ltr'>fructuose</span> <span class='ocrx_word' id='word_1_148' title='bbox 984 3433 1321 3526; x_wconf 58' lang='lat' dir='ltr'>mercatura—de</span> <span class='ocrx_word' id='word_1_149' title='bbox 1355 3434 1433 3530; x_wconf 81' lang='lat' dir='ltr'>que</span> 
     </span>
     <span class='ocr_line' id='line_1_24' title="bbox 320 3558 1431 3660; baseline -0.001 -24"><span class='ocrx_word' id='word_1_150' title='bbox 320 3559 669 3660; x_wconf 76' lang='lat' dir='ltr'>postea-aliisque</span> <span class='ocrx_word' id='word_1_151' title='bbox 687 3558 912 3658; x_wconf 90' lang='lat' dir='ltr'>privelegiis</span> <span class='ocrx_word' id='word_1_152' title='bbox 930 3559 1182 3635; x_wconf 88' lang='lat' dir='ltr'>obtinebunt:</span> <span class='ocrx_word' id='word_1_153' title='bbox 1212 3563 1260 3636; x_wconf 90' lang='lat' dir='ltr'>de</span> <span class='ocrx_word' id='word_1_154' title='bbox 1278 3560 1431 3658; x_wconf 90' lang='lat' dir='ltr'>quibus,</span> 
     </span>
     <span class='ocr_line' id='line_1_25' title="bbox 320 3689 1431 3788; baseline 0 -24"><span class='ocrx_word' id='word_1_155' title='bbox 320 3691 409 3765; x_wconf 80' lang='lat' dir='ltr'>cem</span> <span class='ocrx_word' id='word_1_156' title='bbox 435 3693 486 3766; x_wconf 89' lang='lat' dir='ltr'>ad</span> <span class='ocrx_word' id='word_1_157' title='bbox 512 3689 745 3788; x_wconf 88' lang='lat' dir='ltr'>praedictum</span> <span class='ocrx_word' id='word_1_158' title='bbox 772 3689 967 3765; x_wconf 90' lang='lat' dir='ltr'>Baronem</span> <span class='ocrx_word' id='word_1_159' title='bbox 995 3690 1184 3784; x_wconf 88' lang='lat' dir='ltr'>venerint,</span> <span class='ocrx_word' id='word_1_160' title='bbox 1213 3690 1431 3765; x_wconf 81' lang='lat' dir='ltr'>accuratius</span> 
     </span>
     <span class='ocr_line' id='line_1_26' title="bbox 319 3818 1432 3908; baseline 0 -14"><span class='ocrx_word' id='word_1_161' title='bbox 319 3821 415 3895; x_wconf 88' lang='lat' dir='ltr'>fient</span> <span class='ocrx_word' id='word_1_162' title='bbox 440 3818 634 3895; x_wconf 89' lang='lat' dir='ltr'>certiores.</span> <span class='ocrx_word' id='word_1_163' title='bbox 687 3820 957 3908; x_wconf 67' lang='lat' dir='ltr'>euadentem</span> <span class='ocrx_word' id='word_1_164' title='bbox 985 3821 1099 3894; x_wconf 85' lang='lat' dir='ltr'>antee</span> <span class='ocrx_word' id='word_1_165' title='bbox 1125 3819 1272 3895; x_wconf 86' lang='lat' dir='ltr'>dictum</span> <span class='ocrx_word' id='word_1_166' title='bbox 1300 3827 1358 3894; x_wconf 89' lang='lat' dir='ltr'>est</span> <span class='ocrx_word' id='word_1_167' title='bbox 1385 3822 1432 3895; x_wconf 90' lang='lat' dir='ltr'>de</span> 
     </span>
     <span class='ocr_line' id='line_1_27' title="bbox 322 3945 1432 4044; baseline -0.004 -18"><span class='ocrx_word' id='word_1_168' title='bbox 322 3949 396 4026; x_wconf 83' lang='lat'>100</span> <span class='ocrx_word' id='word_1_169' title='bbox 426 3946 557 4022; x_wconf 89' lang='lat' dir='ltr'>Libris</span> <span class='ocrx_word' id='word_1_170' title='bbox 593 3945 818 4044; x_wconf 89' lang='lat' dir='ltr'>anglicanis,</span> <span class='ocrx_word' id='word_1_171' title='bbox 848 3947 920 4022; x_wconf 92' lang='lat' dir='ltr'>hoc</span> <span class='ocrx_word' id='word_1_172' title='bbox 951 3947 1068 4023; x_wconf 88' lang='lat' dir='ltr'>etiam</span> <span class='ocrx_word' id='word_1_173' title='bbox 1098 3950 1145 4022; x_wconf 90' lang='lat' dir='ltr'>de</span> <span class='ocrx_word' id='word_1_174' title='bbox 1180 3947 1330 4022; x_wconf 91' lang='lat' dir='ltr'>minore</span> <span class='ocrx_word' id='word_1_175' title='bbox 1364 3972 1432 4022; x_wconf 87' lang='lat' dir='ltr'>seu</span> 
     </span>
     <span class='ocr_line' id='line_1_28' title="bbox 319 4076 1437 4178; baseline -0.002 -24"><span class='ocrx_word' id='word_1_176' title='bbox 319 4079 466 4178; x_wconf 87' lang='lat' dir='ltr'>majore</span> <span class='ocrx_word' id='word_1_177' title='bbox 492 4077 646 4152; x_wconf 79' lang='lat' dir='ltr'>summe</span> <span class='ocrx_word' id='word_1_178' title='bbox 671 4076 855 4174; x_wconf 86' lang='lat' dir='ltr'>pecuniae,</span> <span class='ocrx_word' id='word_1_179' title='bbox 875 4102 946 4176; x_wconf 91' lang='lat' dir='ltr'>pro</span> <span class='ocrx_word' id='word_1_180' title='bbox 971 4079 1058 4152; x_wconf 79' lang='lat' dir='ltr'>rate</span> <span class='ocrx_word' id='word_1_181' title='bbox 1083 4077 1259 4176; x_wconf 90' lang='lat' dir='ltr'>portione</span> <span class='ocrx_word' id='word_1_182' title='bbox 1278 4078 1326 4152; x_wconf 92' lang='lat' dir='ltr'>ab</span> <span class='ocrx_word' id='word_1_183' title='bbox 1354 4101 1437 4153; x_wconf 92' lang='lat' dir='ltr'>uno</span> 
     </span>
    </p>
   </div>
   <div class='ocr_carea' id='block_1_3' title="bbox 0 0 1668 5352">
    <p class='ocr_par' dir='ltr' id='par_1_4' title="bbox 0 0 1668 5352">
     <span class='ocr_line' id='line_1_29' title="bbox 0 0 1668 5352; baseline 0 1"><span class='ocrx_word' id='word_1_184' title='bbox 0 0 1668 5352; x_wconf 95' lang='lat' dir='ltr'> </span> 
     </span>
    </p>
   </div>
  </div>
 </body>
</html>
