3348 5346
845 489 893 562 18

310 746 485 820 deserere
521 743 739 818 videantur.
799 745 837 818 N
839 770 880 819 ee
914 745 1133 821 timendum
1169 747 1216 821 iis
1252 747 1326 822 erit
1359 745 1426 845 qui

310 872 482 947 subsidio
513 872 735 966 mittuntur,
764 899 811 948 ne
842 873 935 949 vitae
966 875 1139 950 subsidia
1171 876 1308 970 desint,
1336 902 1425 951 eum

309 1001 353 1094 is,
376 1001 442 1101 qui
466 1000 584 1076 vestit
607 1001 691 1076 lilia
715 1009 754 1076 et
774 1002 949 1080 volucres
971 1003 1105 1102 pascit,
1127 1004 1234 1080 illius
1259 1005 1424 1103 amplifi·

309 1133 431 1206 cando
465 1158 584 1232 regno
620 1131 885 1206 incumbentes
916 1157 940 1208 a
970 1133 1194 1208 necessariis
1228 1135 1424 1232 praesidiis

309 1261 479 1336 desertos
506 1287 583 1336 non
610 1260 662 1337 sit
686 1285 882 1358 passurus

359 1389 402 1464 P.
431 1389 615 1488 Philippo
645 1389 806 1464 Fishero
833 1389 899 1488 qui
921 1389 1006 1488 jem
1032 1391 1079 1466 St
1096 1391 1236 1466 Mariae
1262 1392 1423 1468 coloniae

307 1517 452 1592 residet
489 1517 588 1592 nihil
629 1517 829 1592 accidisset
868 1519 1007 1611 laetius,
1043 1545 1161 1618 quam
1202 1521 1235 1594 si
1276 1522 1423 1598 Indicae

307 1647 424 1722 messi
459 1647 684 1745 impendere
719 1672 760 1721 se
794 1672 864 1745 per
898 1673 963 1722 eos
1003 1647 1184 1743 licuisset,
1213 1649 1280 1747 qui
1314 1650 1422 1725 illius

308 1800 426 1874 opera
459 1801 588 1851 carere
626 1800 870 1873 nequaquam
911 1783 1089 1873 possunt:
1135 1777 1250 1852 Stetit
1289 1784 1421 1852 tamen

307 1903 456 2001 optime
481 1903 673 1980 voluntati
700 1929 780 1980 suae
806 1929 968 1995 meroes;
1000 1907 1094 1981 dum
1121 1905 1225 1980 enim
1252 1905 1421 2004 quinque

306 2035 377 2127 illi,
392 2037 440 2109 de
459 2033 598 2133 quibus
617 2059 736 2131 supra
753 2033 827 2108 fuit
844 2059 982 2126 sermo,
997 2034 1183 2133 baptismi
1202 2061 1302 2134 aqua
1319 2035 1422 2110 inter

307 2166 426 2240 Indos
444 2165 672 2257 lustrantur,
687 2163 861 2256 totidem,
876 2163 982 2238 illius
997 2164 1196 2239 adnitente
1210 2165 1419 2258 industria,

306 2295 377 2368 sub
405 2293 510 2368 idem
537 2300 691 2391 tempus
721 2293 769 2366 ab
794 2291 976 2368 haeretica
1002 2292 1196 2390 pravitate
1220 2293 1260 2366 in
1290 2293 1419 2368 Eccle-

305 2424 374 2500 siae
395 2422 588 2522 gremium
614 2423 863 2498 reducuntur.
916 2421 992 2510 Qui
1019 2421 1060 2495 in
1087 2421 1247 2500 Colonia
1273 2424 1422 2520 degunt

306 2551 504 2646 Catholici,
531 2551 580 2626 iis
608 2530 744 2649 pietati
773 2575 850 2626 non
879 2551 1021 2625 cedunt
1045 2550 1112 2649 qui
1138 2549 1180 2624 in
1207 2550 1294 2626 aliis
1320 2552 1419 2650 regi·

304 2683 442 2758 onibus
452 2687 675 2773 ⁴versantur,
694 2705 848 2756 morum
872 2686 1003 2754 autem
1030 2679 1260 2772 urbanitate,
1283 2705 1418 2755 eorum

298 2812 456 2910 judicio,
483 2811 550 2910 qui
577 2810 672 2885 alias
701 2809 830 2884 obiere
856 2808 1036 2902 colonias
1062 2809 1231 2886 multum
1256 2809 1305 2884 iis
1332 2836 1417 2885 oen-

303 2949 437 3016 sentur
472 2939 629 3015 anteire.
691 2938 846 3036 Ubique
881 2963 968 3036 spes
1003 2937 1140 3014 messis
1176 2940 1345 3038 affulget,
1378 2949 1419 3016 et

304 3075 397 3147 dum
426 3071 587 3170 quisque
618 3077 805 3162 nostrum,
835 3069 925 3168 (78.)
955 3094 1027 3168 pro
1059 3095 1128 3145 suo
1160 3078 1284 3146 marte
1315 3097 1418 3146 nunc

302 3201 374 3294 his,
404 3226 505 3276 nunc
532 3199 611 3274 illis
641 3198 827 3297 juvandis
862 3198 1061 3291 incumbit,
1084 3199 1194 3273 varia
1228 3199 1415 3274 intercur-

301 3337 394 3405 runt
423 3335 641 3404 memoratu
669 3327 802 3425 digna:
841 3352 888 3401 ex
918 3326 1059 3424 quibus
1090 3328 1167 3402 duo
1198 3327 1414 3426 potissima,

301 3459 460 3558 reliquis
494 3457 729 3557 prolixitatis
764 3456 935 3531 vitandae
973 3481 1088 3530 causa
1127 3457 1412 3554 praetermissis,

301 3589 363 3663 hic
389 3594 596 3687 ponentur:
633 3586 674 3660 in
701 3611 866 3685 quorum
893 3586 1016 3660 altera
1042 3585 1176 3662 divina
1199 3587 1412 3663 misericor-

302 3717 366 3792 dia
392 3716 522 3810 eluxit,
542 3716 583 3790 in
610 3717 730 3790 altero
753 3715 918 3814 justitia.

367 3847 416 3920 A.
447 3847 494 3919 D.
531 3847 639 3919 1640.
709 3845 793 3933 Quo
830 3845 891 3920 die
931 3844 1098 3919 haeresin
1137 3845 1294 3944 quidem
1328 3856 1413 3924 erat

300 3975 530 4072 ejuraturuS,
558 3980 596 4047 et
630 3980 785 4071 peccata
819 3980 1005 4048 anteactae
1035 3973 1127 4048 vitae
1162 4001 1232 4072 per
1266 3979 1409 4052 confes·

300 4104 448 4178 sionem
489 4101 712 4200 expiaturus
750 4127 794 4176 eo
833 4103 989 4176 absente
1030 4101 1071 4175 in
1098 4102 1266 4178 interori
1301 4112 1412 4203 parte

300 4236 437 4309 domus
468 4237 650 4328 concepta
679 4230 838 4304 flamma
865 4255 936 4328 per
963 4237 1114 4328 postem
1144 4237 1410 4308 transcurrens

299 4365 349 4436 ad
393 4360 592 4458 fastigium
631 4387 750 4459 usque
789 4368 974 4436 evaserat.
1045 4361 1103 4436 Re
1138 4362 1411 4439 animadversa
