3402 5360
876 565 926 639 13

341 804 471 875 naves,
507 779 610 856 inter
644 805 685 856 se
719 805 835 857 cursu
870 787 909 858 et
942 782 1128 858 tubarum
1163 780 1344 880 clangore
1384 801 1454 877 per

339 909 476 984 horam
502 909 694 1008 integram
719 912 1003 1004 contendentes
1023 909 1120 985 coelo
1138 915 1177 985 et
1202 908 1330 984 ventis
1357 905 1452 983 arri-

340 1039 533 1116 dentibus.
586 1039 640 1116 Et
670 1047 891 1139 superasset
921 1047 1065 1133 nostra,
1095 1039 1275 1139 quamvis
1315 1038 1453 1137 Siparo

339 1193 416 1244 non
443 1176 642 1246 uteremur
669 1169 744 1244 nisi
761 1167 978 1245 sistendum
1006 1169 1143 1245 fuisset
1168 1174 1328 1268 propter
1354 1142 1451 1242 cell>-

338 1321 422 1374 cem
448 1325 535 1398 quae
561 1298 710 1375 tardior
736 1305 840 1392 erut3
870 1299 1001 1398 itaque
1027 1298 1213 1374 cessimus
1242 1295 1450 1373 onerariae:

337 1428 408 1505 illa
434 1437 564 1507 autem
591 1432 681 1506 ante
709 1455 910 1530 vesperam
937 1437 1203 1530 praetervecta,
1231 1429 1452 1529 conspectui
1547 1435 1552 1440 '

340 1565 472 1634 nostro
490 1585 531 1636 se
550 1559 750 1636 subduxit.

390 1687 464 1764 Die
481 1688 603 1787 igitur
621 1689 826 1766 Dominiea
852 1690 916 1766 24³
933 1696 972 1766 et
989 1690 1051 1766 die
1071 1690 1194 1765 Lunae
1212 1691 1262 1765 25
1281 1689 1320 1765 N
1322 1713 1451 1764 ovem·

337 1815 430 1911 bris,
450 1819 641 1916 usquead
666 1843 869 1916 vesperam
892 1819 1080 1917 prospera
1098 1818 1159 1893 usi
1184 1842 1321 1892 sumus
1342 1815 1450 1891 navi·

337 1947 503 2046 gatione.
556 1948 647 2023 Jam
675 1974 766 2024 vero
793 1949 920 2024 ventis
947 1948 987 2023 in
1014 1947 1237 2047 aquilonem
1264 1945 1449 2037 obversis,

337 2084 448 2154 tanta
465 2085 598 2154 exorta
615 2085 674 2155 est
698 2085 921 2178 tempestas,
941 2085 985 2154 ut
1009 2076 1197 2171 oneraria,
1217 2102 1336 2175 quarn
1355 2075 1449 2166 dixi,

340 2207 612 2302 Londinensis‚
640 2215 830 2283 retroacto
858 2231 985 2301 cursu,
1013 2205 1202 2305 Angliam
1229 2211 1268 2280 et
1293 2209 1451 2303 portum

339 2339 445 2435 apud
471 2336 708 2412 Paumonios
734 2337 923 2414 celebrem
945 2333 1155 2435 repetierit.
1191 2333 1309 2409 Celox
1332 2333 1450 2408 etiam

339 2471 472 2540 nostra
507 2489 691 2541 vasorum
733 2466 888 2541 tantum
922 2467 983 2559 40,
1020 2465 1109 2540 cum
1152 2468 1263 2556 esset,
1299 2460 1450 2536 viribus

338 2592 457 2692 coepit
487 2593 671 2688 diffidere,
699 2601 738 2670 et
768 2594 1010 2694 adnavigans
1036 2592 1189 2668 monuit
1216 2617 1267 2686 se,
1296 2591 1330 2666 si
1356 2617 1449 2666 nau·

338 2721 508 2821 fragium
526 2729 726 2816 metueret,
746 2721 787 2798 id
810 2722 1026 2798 luminibus
1044 2724 1065 2798 e
1083 2722 1309 2798 carchesi0<⁵>
1327 2729 1450 2797 osten-

338 2851 403 2945 sis,
423 2851 740 2952 significaturum.
785 2853 1037 2928 Vehebamur
1054 2852 1213 2928 interim
1231 2876 1301 2927 nos
1320 2850 1452 2926 valida

340 2978 432 3055 navi
460 3006 644 3059 vasorum
674 2981 1064 3080 quadringentorum,
1091 3007 1216 3080 neque
1247 2979 1374 3080 aptior
1404 3005 1450 3054 ex

338 3109 446 3210 ligno
472 3118 511 3187 et
538 3113 639 3188 ferro
667 3112 839 3188 construi
867 3118 1030 3211 poterat.
1084 3112 1123 3187 N
1125 3111 1292 3187 avarcha
1319 3111 1450 3186 uteba·

339 3265 430 3315 mur
458 3240 717 3340 peritissim03
754 3243 846 3316 data
876 3247 936 3319 est
965 3239 1096 3338 itaque
1121 3239 1182 3314 illi
1208 3238 1314 3338 optio
1342 3241 1449 3314 rede·

339 3369 447 3464 undi,
475 3370 507 3444 si
532 3370 660 3464 vellet,
688 3370 729 3444 in
756 3369 949 3469 angliam:
978 3369 1041 3444 vel
1065 3395 1154 3468 cum
1181 3368 1308 3443 ventis
1336 3369 1451 3467 porrb

338 3499 593 3594 colluctandi3
632 3501 785 3600 quibus,
814 3501 847 3575 si
878 3502 1040 3591 eederet,
1073 3500 1300 3598 expectabat
1331 3523 1399 3572 nos
1430 3499 1451 3571 e

339 3629 516 3728 proximo
548 3631 658 3706 littus
688 3630 947 3706 Hibernicum
975 3629 1083 3705 caecis
1113 3629 1282 3728 scopulis
1310 3635 1349 3704 et
1378 3629 1449 3702 fre·

246 3791 255 3827 1
340 3757 605 3862 quentissimis
632 3760 847 3859 naufragiis
873 3759 1030 3835 infame.
1086 3758 1188 3834 Vicit
1213 3765 1345 3834 tamen
1372 3757 1449 3831 Na-

725 3955 755 4000 (5)
764 3954 821 4005 The
833 3960 879 4022 top
891 3954 922 4004 os
931 3954 976 4007 the
989 3959 1067 4006 must.
