3348 5346
797 517 843 588 21

258 793 333 867 que
367 770 517 846 semina
549 769 667 844 latius
709 771 758 844 ad
792 769 925 868 magni
957 768 1064 844 illius
1105 769 1233 868 ripam
1268 795 1373 868 spar-

258 907 377 998 geret.

310 1026 507 1101 Laborum
525 1027 671 1101 fructus
689 1025 751 1100 hic
768 1026 847 1100 fere
865 1025 950 1100 fuit.
1004 1025 1048 1100 P.
1068 1026 1260 1102 Andraeas
1279 1051 1372 1101 non-

258 1153 358 1228 nihil
384 1149 547 1230 ⁴molesti
587 1181 610 1230 a
651 1156 746 1229 duro
789 1179 831 1228 ac
873 1153 1019 1228 difficili
1058 1154 1181 1228 Novae
1216 1154 1373 1252 Angliae

259 1284 451 1358 navarcho
486 1309 634 1382 passus,
662 1308 777 1381 quem
813 1281 872 1357 sui
907 1289 946 1358 et
975 1308 1107 1358 rerum
1142 1283 1371 1358 necessaria-

256 1439 346 1488 rum
380 1415 738 1489 transferendarum
779 1439 893 1488 causa
933 1415 1178 1507 conduxerat,
1219 1415 1309 1514 (80.)
1349 1441 1372 1489 a

257 1568 332 1640 quo
365 1569 442 1618 non
473 1543 556 1617 sine
590 1568 705 1617 causa
735 1543 986 1641 postmodum
1020 1541 1193 1636 timebat,
1221 1568 1280 1636 ne,
1307 1545 1370 1618 vel

257 1671 298 1745 in
325 1697 432 1746 mare
459 1674 756 1770 demergeretur,
779 1677 847 1744 aut
871 1696 948 1744 una
972 1695 1060 1744 cum
1084 1671 1199 1744 rebus
1218 1670 1309 1765 suis,
1328 1671 1369 1746 in

258 1801 412 1876 Novam
447 1800 635 1899 Angliam
667 1799 793 1892 Puris,
816 1798 911 1874 viris
943 1799 1168 1874 Calvinistis
1198 1800 1270 1874 hoc
1301 1806 1368 1893 est,

256 1929 375 2003 totius
409 1929 598 2004 haereseos
635 1926 895 2002 Calvinisticee
929 1929 1112 2002 refertam
1144 1929 1368 2004 deferretur.

258 2058 340 2132 Deo
371 2084 454 2132 rem
481 2057 621 2132 tacitus
649 2059 935 2149 commendans,
958 2058 1117 2131 tandem
1146 2057 1276 2132 salvus
1303 2083 1368 2155 ap-

257 2185 358 2284 pulit
385 2187 648 2278 Patomacum,
671 2185 789 2282 vulgo
815 2184 949 2259 dicunt
972 2185 1203 2260 Patomake:
1231 2211 1305 2284 quo
1327 2185 1368 2260 in

256 2321 372 2411 portu
394 2313 459 2388 ubi
481 2313 653 2412 primum
675 2313 862 2388 anchoras
883 2313 1067 2411 jecerant,
1087 2313 1199 2388 navis
1220 2313 1369 2412 ingenti

255 2443 346 2540 gelu
375 2443 431 2517 ita
458 2442 664 2518 constricta
691 2441 815 2534 haesic,
844 2448 887 2516 ut
915 2442 1189 2540 septemdecim
1218 2443 1368 2518 dierum

256 2571 392 2668 spatio,
412 2572 493 2646 loco
516 2596 593 2644 non
618 2577 748 2668 posset
771 2569 930 2663 moveri,
950 2595 1037 2644 cum
1059 2569 1217 2644 interim
1239 2571 1367 2663 Pater,

254 2700 376 2798 glacie
395 2725 462 2774 seu
479 2707 584 2774 terra
601 2699 793 2792 incedens,
813 2698 854 2772 in
873 2698 1062 2796 oppidum
1080 2699 1248 2793 abiisset,
1264 2725 1366 2775 cum·

255 2854 328 2927 que
362 2829 453 2926 gelu
487 2828 711 2920 solveretur,
748 2826 859 2901 navis
894 2825 1030 2924 glaciei
1065 2825 1105 2900 vi
1143 2826 1367 2927 impetuque

254 2957 388 3032 abacta
414 2961 453 3030 et
478 2954 612 3030 collisa
637 2953 821 3046 subsedit,
840 2952 951 3027 bonis
977 2959 1109 3028 tamen
1136 2979 1279 3052 magna
1304 2982 1365 3031 ex·

254 3092 365 3184 parte
392 3083 567 3182 receptis.

305 3214 390 3288 Hoc
411 3236 501 3287 casu
523 3213 640 3286 Pater
663 3211 808 3286 diutius
833 3210 874 3284 in
892 3209 1040 3304 itinere,
1060 3212 1084 3286 9
1108 3210 1252 3286 scilicet
1274 3214 1365 3288 heb·

254 3344 450 3436 domadas,
471 3345 648 3417 detentus
667 3348 735 3415 est.
788 3341 953 3414 Necesse
971 3340 1075 3414 enim
1093 3341 1230 3415 habuit
1247 3341 1365 3417 aliam

254 3471 386 3547 navim
410 3498 433 3546 a
457 3473 497 3546 S?
515 3471 644 3546 Maria
665 3477 858 3568 appetere.
911 3469 1067 3542 Moram
1091 3475 1221 3544 autem
1247 3470 1363 3545 istam

253 3599 454 3700 spirituale
489 3597 709 3673 animarum
744 3596 895 3670 lucrum
929 3593 1042 3668 facile
1077 3598 1362 3692 compensabat.
1403 3631 1408 3640 ·

252 3726 471 3828 Adjunctus
509 3727 614 3802 enim
649 3733 707 3802 est
747 3723 930 3800 Ecclesiae
969 3724 1043 3798 isto
1078 3724 1215 3822 spatio,
1251 3725 1363 3801 istius

252 3857 429 3956 oppiduli
465 3856 655 3932 Dominus
696 3881 783 3930 cum
819 3853 906 3928 aliis
941 3852 1147 3952 praecipuis
1189 3855 1362 3952 ejusdem

251 3985 397 4079 incolis,
424 3988 499 4061 fide
530 3983 675 4060 Christi
710 4009 753 4057 ac
782 3981 976 4080 baptismo
1008 3988 1201 4080 suscept03
1238 3983 1294 4057 uti
1325 3991 1364 4059 et

175 4143 176 4146 ¹
251 4115 349 4189 alter
375 4138 462 4188 cum
488 4111 682 4210 plerisque
709 4110 805 4202 suis;
836 4109 974 4184 tertius
1000 4108 1094 4183 item
1118 4134 1206 4184 cum
1232 4137 1361 4204 uxore,

249 4244 328 4319 filio
351 4243 486 4318 etalio
508 4243 693 4341 quodam3
721 4245 881 4338 quartus
902 4245 1139 4312 tamencum
1161 4237 1237 4312 alio
1256 4243 1361 4338 apud

248 4399 338 4449 suos
360 4398 437 4448 non
459 4370 621 4470 ignobili
645 4371 739 4445 loco.
793 4369 967 4458 Quorum
992 4366 1167 4464 exemplo
1192 4370 1360 4466 populus
