3348 5346
775 522 799 593 5

285 783 376 880 (61.)
402 780 658 855 formavimus
681 781 730 856 ad
756 779 953 879 pietatem,
972 781 1100 854 fructu
1123 805 1201 854 non
1222 779 1345 879 poeni·

229 915 366 988 tendo:
395 913 435 986 in
455 939 532 987 uno
558 920 688 987 autem
707 913 945 1011 singularem
965 913 1037 988 Dei
1059 912 1346 1012 providentiam

230 1048 270 1115 et
294 1040 601 1116 misericordiam
628 1066 871 1134 veneramur,
891 1066 977 1139 quae
1003 1040 1201 1116 hominem
1225 1039 1346 1139 pluri·

231 1170 308 1244 mis
340 1170 382 1244 in
417 1172 565 1244 mundo
594 1169 884 1244 difficultatibus
915 1169 1169 1268 implicatum,
1196 1169 1348 1267 etjam

232 1302 393 1374 demum
420 1300 511 1398 (62.)
537 1298 577 1372 in
595 1298 777 1397 Virginia
799 1299 942 1396 absque
964 1297 1105 1372 animae
1128 1323 1208 1373 suae
1226 1297 1347 1372 subsi-

233 1427 299 1501 dio
318 1428 398 1501 fere
419 1452 573 1524 semper
590 1426 799 1520 viventem,
819 1428 869 1501 ad
889 1427 971 1500 haec
989 1426 1168 1502 exercitia
1186 1451 1262 1500 non
1281 1425 1349 1501 diu

234 1563 326 1630 ante
358 1555 507 1631 obitum
539 1555 784 1654 suscipienda
813 1556 981 1631 induxit:
1022 1556 1083 1631 Ex
1112 1555 1251 1655 quibus
1282 1555 1349 1630 ille

232 1690 394 1788 tantum
415 1684 587 1782 profecit,
607 1691 651 1758 ut
676 1687 723 1759 de
747 1683 896 1782 optima
918 1684 1067 1759 ratione
1093 1684 1184 1758 vitae
1210 1683 1350 1760 deinde

233 1817 483 1890 traducendae
518 1840 646 1889 secum
682 1815 871 1890 statuerit.
930 1816 1043 1890 Hanc
1078 1815 1349 1914 cogitationem

235 1945 446 2018 vehemens
475 1945 633 2018 morbus
662 1944 820 2042 excepit,
846 1970 961 2042 quem
988 1944 1053 2019 ille
1082 1970 1235 2018 summa
1262 1970 1350 2019 oum

236 2071 428 2170 patientia
453 2072 555 2166 tulit,
576 2072 705 2147 animo
727 2073 956 2171 plerumque
982 2072 1022 2146 in
1046 2073 1172 2148 Deum
1198 2075 1284 2166 fixe,
1308 2098 1351 2148 ac

236 2201 398 2274 tandem
425 2199 542 2274 sacris
567 2201 746 2275 omnibus
770 2200 844 2275 rite
869 2201 1065 2299 susceptis,
1090 2201 1351 2300 placidissime

238 2337 556 2429 praetermorem
584 2331 744 2430 reliquae
764 2331 866 2424 vitae,
894 2357 980 2430 quae
1007 2332 1195 2406 molestiis
1224 2359 1267 2406 ac
1294 2332 1350 2406 in-

239 2460 466 2560 quietudine
487 2461 603 2559 plena
621 2461 705 2554 fuit,
725 2460 896 2534 animam
916 2461 1088 2536 Creatori
1112 2461 1251 2536 reddit.

291 2589 451 2664 Mortua
486 2596 544 2664 est
577 2590 696 2664 etiam
732 2567 872 2664 nobilis
907 2596 1096 2683 matrona,
1132 2617 1218 2689 quae
1252 2590 1354 2665 inter

240 2717 389 2816 primos
411 2717 451 2791 in
473 2718 572 2792 hanc
593 2717 784 2792 coloniam
805 2717 975 2810 veniens,
995 2717 1124 2791 animo
1146 2719 1353 2817 plusquam

155 2949 158 2954 Ι
241 2845 420 2920 faemineo
448 2847 692 2922 difficultates
724 2872 868 2940 omnes,
889 2853 928 2922 et
954 2846 1200 2922 incommoda
1225 2854 1353 2945 pertu-

242 2973 300 3047 lit.
354 2973 494 3048 Multae
518 2974 702 3048 orationis
727 2981 819 3068 erat,
842 2973 979 3049 salutis
1004 2974 1271 3073 proximorum
1293 3001 1354 3049 cu·

244 3100 459 3198 pidissima‚
495 3101 592 3176 bene
634 3101 885 3200 disponendae
925 3101 1094 3194 familiae,
1134 3101 1356 3176 absolutum

244 3236 327 3304 tam
362 3229 402 3303 in
434 3255 484 3322 se,
514 3255 631 3328 quam
661 3229 701 3303 in
733 3228 953 3304 domesticis
985 3229 1192 3326 exemplar,
1219 3227 1356 3303 vivens

246 3355 438 3431 societatis
465 3364 607 3431 nostrae
633 3357 927 3449 studiosissima,
946 3356 1115 3430 moriens
1142 3355 1267 3430 eidem
1293 3357 1355 3431 be·

247 3483 381 3558 nefica:
410 3484 518 3581 cujus
536 3484 725 3558 memoria
746 3487 851 3582 apud
872 3509 1005 3558 omnes
1027 3484 1076 3558 ob
1098 3482 1252 3581 egregia
1271 3490 1357 3557 tum

247 3615 437 3690 virtutum
455 3615 704 3715 reliquarum,
718 3622 803 3690 tum
818 3615 1016 3690 charitatis
1035 3615 1252 3712 praesertim
1266 3640 1358 3714 erga

247 3750 412 3841 aegrotos
430 3744 607 3842 exempla
624 3744 665 3818 in
683 3744 950 3819 benedictione
968 3750 1037 3818 est.

562 3987 709 4038 Incussus
728 3987 849 4038 Aucron
866 3987 954 4036 Auno
973 3988 1046 4037 16:39.

298 4135 515 4209 Versantur
545 4134 586 4208 in
616 4135 688 4208 hac
715 4133 898 4209 missione
929 4136 1151 4209 Sacerdotes
1183 4141 1358 4232 quatuor,

248 4263 448 4360 coadjutor
470 4262 615 4337 unicus.
670 4263 813 4338 Omnes
835 4263 928 4337 locis
952 4264 1066 4361 longe
1090 4261 1247 4354 dissitis,
1273 4261 1359 4337 ideo

250 4389 448 4483 nimirum,
476 4387 579 4489 quod
610 4391 663 4465 sic
694 4399 733 4466 et
762 4391 977 4489 peregrinae
1007 4391 1150 4487 linguae
1181 4388 1359 4463 notitiam
