3348 5346
907 503 956 576 36

371 763 474 838 cium
510 788 624 837 suum
656 763 700 836 P.
729 761 935 837 Nicolaum
965 760 1202 853 Gulichium,
1230 760 1297 859 qui
1327 759 1368 834 in
1398 759 1490 834 navi

371 919 532 992 gravem
567 894 749 967 morbum
783 899 1038 984 contraxerat,
1066 889 1239 988 graviter
1273 889 1490 964 etiamnum

371 1023 559 1114 laborare,
589 1045 724 1095 verum
755 1019 917 1094 minime
953 1021 1000 1094 de
1036 1019 1119 1116 ejus
1150 1018 1275 1092 salute
1306 1015 1489 1092 dubitari.

372 1151 497 1238 Quem
519 1173 610 1223 vero
633 1149 802 1223 fructum
823 1147 864 1222 in
887 1146 1012 1222 viuere
1033 1146 1149 1244 hujus
1174 1145 1326 1219 cultura
1348 1144 1489 1219 retule-

370 1285 464 1352 runt
491 1277 624 1369 nostri,
644 1278 819 1350 nondum
846 1275 1123 1351 intelleximus,

424 1406 541 1504 (100.)
589 1405 638 1480 A.
659 1404 707 1479 Ι).
727 1404 836 1481 1677.
890 1403 1029 1478 Missio
1057 1402 1280 1501 Maryland.
1308 1409 1492 1475 numerat

370 1536 394 1608 6
412 1533 545 1626 socios,
565 1541 677 1608 aucta
695 1532 883 1607 nimirum
902 1539 970 1624 est,
991 1532 1063 1606 sub
1088 1532 1207 1604 finem
1225 1529 1318 1605 anni
1337 1530 1490 1603 duobus

370 1661 493 1754 sociis,
530 1662 651 1736 altero
687 1664 894 1753 sacerdote,
932 1661 1053 1735 altero
1095 1660 1317 1757 coadjutore
1358 1659 1489 1734 Laico.

372 1790 477 1864 Hinc
500 1815 521 1865 e
542 1789 643 1864 vivis
668 1789 824 1865 dicessit
850 1789 1078 1864 Franciscus
1106 1787 1349 1862 Knauhbull
1376 1790 1489 1862 coad-

366 1920 474 2016 jutor
499 1917 736 2016 temporalis.
790 1917 999 1992 Admissus
1023 1916 1086 1990 hic
1112 1922 1171 1990 cst
1194 1915 1234 1989 in
1257 1915 1489 1990 Societatem

372 2046 576 2121 Walteriis
600 2047 782 2120 2011101.
808 2046 917 2139 1671,
943 2071 986 2120 ac
1011 2047 1104 2120 dum
1131 2044 1173 2118 in
1195 2043 1399 2143 Tyrocinio
1421 2047 1486 2118 ad-

371 2175 445 2249 huc
474 2183 584 2267 esset,
620 2200 761 2272 magno
798 2176 878 2249 zelo
914 2174 1140 2248 missionem
1176 2172 1486 2271 Marylandicam

372 2303 542 2400 expetiit,
578 2329 696 2402 quam
730 2304 890 2378 tandem
925 2301 1095 2377 obtinuit
1129 2302 1201 2375 sub
1242 2302 1359 2375 finem
1395 2300 1488 2374 anni

373 2432 481 2524 1674,
517 2431 558 2505 in
593 2457 670 2529 qua
703 2438 836 2506 tamen
872 2457 950 2504 non
986 2429 1155 2527 amplius
1186 2427 1343 2506 biennio
1379 2427 1489 2502 licuit

371 2559 431 2633 illi
453 2584 664 2657 superasse,
684 2563 708 2634 6
729 2561 834 2634 enim
857 2561 881 2634 J
884 2559 1036 2634 anuarii
1055 2558 1226 2634 ineuntis
1248 2557 1341 2632 anni
1362 2565 1487 2633 morte

372 2688 547 2762 sublatus
575 2688 685 2765 1677.

797 3029 1069 3090 Conaronnon.

672 3176 733 3229 Paga
743 3180 774 3227 11,
788 3181 836 3219 alst
845 3178 901 3226 lina,
910 3177 948 3219 sor
955 3179 1012 3231 prais,
1023 3177 1079 3219 read
1088 3178 1146 3228 poor.

672 3256 734 3307 Paga
743 3259 774 3306 12,
787 3257 827 3298 oth
841 3257 897 3306 llne,
907 3256 944 3298 sor
952 3258 1005 3298 rino.
1016 3255 1072 3297 read
1082 3257 1140 3296 111111.

672 3335 734 3388 l'age
744 3339 774 3386 11,
787 3337 825 3379 oth
841 3337 896 3386 line,
906 3336 942 3378 for
950 3337 1036 3389 paroni.
1046 3334 1101 3376 read
1111 3334 1194 3388 perani.
