<?xml version="1.0" encoding="UTF-8"?>
<!DOCTYPE html PUBLIC "-//W3C//DTD XHTML 1.0 Transitional//EN"
    "http://www.w3.org/TR/xhtml1/DTD/xhtml1-transitional.dtd">
<html xmlns="http://www.w3.org/1999/xhtml" xml:lang="en" lang="en">
 <head>
  <title>
</title>
<meta http-equiv="Content-Type" content="text/html;charset=utf-8" />
  <meta name='ocr-system' content='tesseract 3.04.00' />
  <meta name='ocr-capabilities' content='ocr_page ocr_carea ocr_par ocr_line ocrx_word'/>
</head>
<body>
  <div class='ocr_page' id='page_1' title='image "./relatioitineris00dalrgoog/relatioitineris00dalrgoog_0060.png"; bbox 0 0 3402 5360; ppageno 0'>
   <div class='ocr_carea' id='block_1_1' title="bbox 840 512 890 586">
    <p class='ocr_par' dir='ltr' id='par_1_1' title="bbox 840 512 890 586">
     <span class='ocr_line' id='line_1_1' title="bbox 840 512 890 586; baseline 0 0"><span class='ocrx_word' id='word_1_1' title='bbox 840 512 890 586; x_wconf 88' lang='lat'>33</span> 
     </span>
    </p>
   </div>
   <div class='ocr_carea' id='block_1_2' title="bbox 261 721 1423 3934">
    <p class='ocr_par' dir='ltr' id='par_1_2' title="bbox 309 721 1423 1734">
     <span class='ocr_line' id='line_1_2' title="bbox 310 721 1423 828; baseline 0.004 -30"><span class='ocrx_word' id='word_1_2' title='bbox 310 721 440 799; x_wconf 75' lang='lat' dir='ltr'>insulsi</span> <span class='ocrx_word' id='word_1_3' title='bbox 475 724 688 801; x_wconf 90' lang='lat' dir='ltr'>litavimus.</span> <span class='ocrx_word' id='word_1_4' title='bbox 720 725 761 800; x_wconf 92' lang='lat' dir='ltr'>in</span> <span class='ocrx_word' id='word_1_5' title='bbox 797 726 868 802; x_wconf 90' lang='lat' dir='ltr'>hac</span> <span class='ocrx_word' id='word_1_6' title='bbox 900 727 985 803; x_wconf 86' lang='lat' dir='ltr'>caeli</span> <span class='ocrx_word' id='word_1_7' title='bbox 1019 729 1178 827; x_wconf 81' lang='lat' dir='ltr'>regione</span> <span class='ocrx_word' id='word_1_8' title='bbox 1221 730 1423 828; x_wconf 78' lang='lat' dir='ltr'>nunquam</span> 
     </span>
     <span class='ocr_line' id='line_1_3' title="bbox 310 855 1421 957; baseline 0.002 -27"><span class='ocrx_word' id='word_1_9' title='bbox 310 856 425 930; x_wconf 77' lang='lat' dir='ltr'>antea</span> <span class='ocrx_word' id='word_1_10' title='bbox 467 855 508 931; x_wconf 93' lang='lat' dir='ltr'>id</span> <span class='ocrx_word' id='word_1_11' title='bbox 549 856 706 932; x_wconf 86' lang='lat' dir='ltr'>factum.</span> <span class='ocrx_word' id='word_1_12' title='bbox 751 857 936 932; x_wconf 88' lang='lat' dir='ltr'>sacrificio</span> <span class='ocrx_word' id='word_1_13' title='bbox 976 867 1144 957; x_wconf 88' lang='lat' dir='ltr'>peracto,</span> <span class='ocrx_word' id='word_1_14' title='bbox 1189 861 1347 936; x_wconf 71' lang='lat' dir='ltr'>sublata</span> <span class='ocrx_word' id='word_1_15' title='bbox 1380 859 1421 933; x_wconf 92' lang='lat' dir='ltr'>in</span> 
     </span>
     <span class='ocr_line' id='line_1_4' title="bbox 310 984 1421 1085; baseline 0.004 -25"><span class='ocrx_word' id='word_1_16' title='bbox 310 986 492 1060; x_wconf 83' lang='lat' dir='ltr'>humeros</span> <span class='ocrx_word' id='word_1_17' title='bbox 519 984 668 1083; x_wconf 81' lang='lat' dir='ltr'><strong>ingenti</strong></span> <span class='ocrx_word' id='word_1_18' title='bbox 694 1011 806 1060; x_wconf 93' lang='lat' dir='ltr'>cruce</span> <span class='ocrx_word' id='word_1_19' title='bbox 832 1012 949 1085; x_wconf 85' lang='lat' dir='ltr'>quarn</span> <span class='ocrx_word' id='word_1_20' title='bbox 978 1013 1025 1062; x_wconf 84' lang='lat' dir='ltr'>cx</span> <span class='ocrx_word' id='word_1_21' title='bbox 1052 990 1190 1064; x_wconf 89' lang='lat' dir='ltr'>arbore</span> <span class='ocrx_word' id='word_1_22' title='bbox 1217 989 1421 1065; x_wconf 89' lang='lat' dir='ltr'>dedolave·</span> 
     </span>
     <span class='ocr_line' id='line_1_5' title="bbox 310 1115 1421 1218; baseline 0.001 -26"><span class='ocrx_word' id='word_1_23' title='bbox 310 1142 454 1210; x_wconf 87' lang='lat' dir='ltr'>ramus,</span> <span class='ocrx_word' id='word_1_24' title='bbox 483 1118 532 1192; x_wconf 88' lang='lat' dir='ltr'>ad</span> <span class='ocrx_word' id='word_1_25' title='bbox 558 1115 687 1191; x_wconf 90' lang='lat' dir='ltr'>locum</span> <span class='ocrx_word' id='word_1_26' title='bbox 714 1116 961 1214; x_wconf 87' lang='lat' dir='ltr'>designatum</span> <span class='ocrx_word' id='word_1_27' title='bbox 993 1119 1129 1194; x_wconf 81' lang='lat' dir='ltr'>ordine</span> <span class='ocrx_word' id='word_1_28' title='bbox 1158 1122 1421 1218; x_wconf 88' lang='lat' dir='ltr'>procedentes,</span> 
     </span>
     <span class='ocr_line' id='line_1_6' title="bbox 311 1243 1422 1346; baseline 0.002 -26"><span class='ocrx_word' id='word_1_29' title='bbox 311 1245 498 1320; x_wconf 67' lang='lat' dir='ltr'>Praefecto</span> <span class='ocrx_word' id='word_1_30' title='bbox 542 1250 580 1320; x_wconf 89' lang='lat' dir='ltr'>et</span> <span class='ocrx_word' id='word_1_31' title='bbox 621 1243 899 1320; x_wconf 88' lang='lat' dir='ltr'>commissariis</span> <span class='ocrx_word' id='word_1_32' title='bbox 950 1245 1164 1346; x_wconf 86' lang='lat' dir='ltr'>ceterisque</span> <span class='ocrx_word' id='word_1_33' title='bbox 1212 1246 1422 1322; x_wconf 80' lang='lat' dir='ltr'>Catholicis</span> 
     </span>
     <span class='ocr_line' id='line_1_7' title="bbox 310 1372 1420 1472; baseline 0.002 -24"><span class='ocrx_word' id='word_1_34' title='bbox 310 1372 600 1472; x_wconf 84' lang='lat' dir='ltr'>adjuvantibus,</span> <span class='ocrx_word' id='word_1_35' title='bbox 628 1373 862 1472; x_wconf 84' lang='lat' dir='ltr'>Trophaeum</span> <span class='ocrx_word' id='word_1_36' title='bbox 891 1373 1045 1457; x_wconf 83' lang='lat' dir='ltr'>Christo</span> <span class='ocrx_word' id='word_1_37' title='bbox 1081 1375 1269 1450; x_wconf 82' lang='lat' dir='ltr'>salvatori</span> <span class='ocrx_word' id='word_1_38' title='bbox 1299 1374 1420 1451; x_wconf 85' lang='lat' dir='ltr'>erexi·</span> 
     </span>
     <span class='ocr_line' id='line_1_8' title="bbox 310 1501 1421 1596; baseline 0 -18"><span class='ocrx_word' id='word_1_39' title='bbox 310 1528 410 1596; x_wconf 88' lang='lat' dir='ltr'>mus,</span> <span class='ocrx_word' id='word_1_40' title='bbox 462 1501 610 1577; x_wconf 89' lang='lat' dir='ltr'>litaniis</span> <span class='ocrx_word' id='word_1_41' title='bbox 662 1508 805 1576; x_wconf 84' lang='lat' dir='ltr'>sanctae</span> <span class='ocrx_word' id='word_1_42' title='bbox 856 1501 1002 1596; x_wconf 66' lang='lat' dir='ltr'>Crucis</span> <span class='ocrx_word' id='word_1_43' title='bbox 1055 1503 1259 1578; x_wconf 78' lang='lat' dir='ltr'>humiliter</span> <span class='ocrx_word' id='word_1_44' title='bbox 1310 1503 1421 1578; x_wconf 87' lang='lat' dir='ltr'>flexis</span> 
     </span>
     <span class='ocr_line' id='line_1_9' title="bbox 309 1632 1420 1734; baseline 0.001 -25"><span class='ocrx_word' id='word_1_45' title='bbox 309 1633 486 1734; x_wconf 88' lang='lat' dir='ltr'>genibus,</span> <span class='ocrx_word' id='word_1_46' title='bbox 515 1633 658 1730; x_wconf 71' lang='lat' dir='ltr'>magna</span> <span class='ocrx_word' id='word_1_47' title='bbox 688 1632 909 1708; x_wconf 90' lang='lat' dir='ltr'>animorum</span> <span class='ocrx_word' id='word_1_48' title='bbox 943 1633 1211 1729; x_wconf 84' lang='lat' dir='ltr'>commotione,</span> <span class='ocrx_word' id='word_1_49' title='bbox 1238 1634 1420 1710; x_wconf 73' lang='lat' dir='ltr'>recitatio.</span> 
     </span>
    </p>

    <p class='ocr_par' dir='ltr' id='par_1_3' title="bbox 261 1761 1422 3934">
     <span class='ocr_line' id='line_1_10' title="bbox 360 1761 1421 1860; baseline -0.001 -24"><span class='ocrx_word' id='word_1_50' title='bbox 360 1763 459 1836; x_wconf 81' lang='lat' dir='ltr'>Cum</span> <span class='ocrx_word' id='word_1_51' title='bbox 490 1768 621 1836; x_wconf 90' lang='lat' dir='ltr'>autom</span> <span class='ocrx_word' id='word_1_52' title='bbox 655 1761 911 1836; x_wconf 79' lang='lat' dir='ltr'>intellexisset</span> <span class='ocrx_word' id='word_1_53' title='bbox 941 1761 1155 1838; x_wconf 71' lang='lat' dir='ltr'>Praefectus</span> <span class='ocrx_word' id='word_1_54' title='bbox 1187 1761 1421 1860; x_wconf 81' lang='lat' dir='ltr'>Imperatori</span> 
     </span>
     <span class='ocr_line' id='line_1_11' title="bbox 314 1891 1421 1992; baseline -0.003 -24"><span class='ocrx_word' id='word_1_55' title='bbox 314 1895 571 1991; x_wconf 72' lang='lat' dir='ltr'>Puscatocuuyc</span> <span class='ocrx_word' id='word_1_56' title='bbox 616 1891 836 1989; x_wconf 80' lang='lat' dir='ltr'>complures</span> <span class='ocrx_word' id='word_1_57' title='bbox 888 1916 1050 1990; x_wconf 87' lang='lat' dir='ltr'>parere·</span> <span class='ocrx_word' id='word_1_58' title='bbox 1077 1892 1262 1992; x_wconf 89' lang='lat' dir='ltr'>Regulos,</span> <span class='ocrx_word' id='word_1_59' title='bbox 1306 1891 1421 1966; x_wconf 91' lang='lat' dir='ltr'>illum</span> 
     </span>
     <span class='ocr_line' id='line_1_12' title="bbox 310 2021 1420 2119; baseline -0.002 -21"><span class='ocrx_word' id='word_1_60' title='bbox 310 2023 418 2098; x_wconf 89' lang='lat' dir='ltr'>adire</span> <span class='ocrx_word' id='word_1_61' title='bbox 453 2021 600 2115; x_wconf 87' lang='lat' dir='ltr'>statuit,</span> <span class='ocrx_word' id='word_1_62' title='bbox 632 2027 686 2113; x_wconf 89' lang='lat' dir='ltr'>ut,</span> <span class='ocrx_word' id='word_1_63' title='bbox 722 2021 914 2119; x_wconf 68' lang='lat' dir='ltr'>explicata</span> <span class='ocrx_word' id='word_1_64' title='bbox 947 2021 1099 2097; x_wconf 90' lang='lat' dir='ltr'>itineris</span> <span class='ocrx_word' id='word_1_65' title='bbox 1135 2021 1258 2097; x_wconf 89' lang='lat' dir='ltr'>nostri</span> <span class='ocrx_word' id='word_1_66' title='bbox 1293 2023 1420 2115; x_wconf 76' lang='lat' dir='ltr'>causat,</span> 
     </span>
     <span class='ocr_line' id='line_1_13' title="bbox 261 2149 1422 2254; baseline -0.001 -25"><span class='ocrx_word' id='word_1_67' title='bbox 261 2251 262 2254; x_wconf 8' lang='grc' dir='ltr'><strong>Ἴ</strong></span> <span class='ocrx_word' id='word_1_68' title='bbox 310 2161 349 2229; x_wconf 92' lang='lat' dir='ltr'>et</span> <span class='ocrx_word' id='word_1_69' title='bbox 391 2153 474 2251; x_wconf 90' lang='lat' dir='ltr'>ejus</span> <span class='ocrx_word' id='word_1_70' title='bbox 518 2151 635 2228; x_wconf 87' lang='lat' dir='ltr'>unius</span> <span class='ocrx_word' id='word_1_71' title='bbox 677 2149 882 2226; x_wconf 78' lang='lat' dir='ltr'>conciliata</span> <span class='ocrx_word' id='word_1_72' title='bbox 927 2152 1142 2246; x_wconf 87' lang='lat' dir='ltr'>voluntate,</span> <span class='ocrx_word' id='word_1_73' title='bbox 1178 2151 1330 2228; x_wconf 85' lang='lat' dir='ltr'>facilior</span> <span class='ocrx_word' id='word_1_74' title='bbox 1372 2155 1422 2228; x_wconf 91' lang='lat' dir='ltr'>ad</span> 
     </span>
     <span class='ocr_line' id='line_1_14' title="bbox 310 2281 1421 2383; baseline 0.001 -25"><span class='ocrx_word' id='word_1_75' title='bbox 310 2292 524 2359; x_wconf 89' lang='lat' dir='ltr'>ceterorum</span> <span class='ocrx_word' id='word_1_76' title='bbox 581 2281 731 2357; x_wconf 89' lang='lat' dir='ltr'>animos</span> <span class='ocrx_word' id='word_1_77' title='bbox 791 2289 942 2379; x_wconf 87' lang='lat' dir='ltr'>pateret</span> <span class='ocrx_word' id='word_1_78' title='bbox 1001 2281 1212 2382; x_wconf 89' lang='lat' dir='ltr'>ingressus.</span> <span class='ocrx_word' id='word_1_79' title='bbox 1282 2284 1421 2383; x_wconf 92' lang='lat' dir='ltr'>Itaque</span> 
     </span>
     <span class='ocr_line' id='line_1_15' title="bbox 303 2410 1420 2512; baseline -0.001 -23"><span class='ocrx_word' id='word_1_80' title='bbox 303 2415 441 2512; x_wconf 88' lang='lat' dir='ltr'>juncta</span> <span class='ocrx_word' id='word_1_81' title='bbox 475 2410 590 2489; x_wconf 88' lang='lat' dir='ltr'>celoci</span> <span class='ocrx_word' id='word_1_82' title='bbox 626 2418 768 2486; x_wconf 85' lang='lat' dir='ltr'>nostrae</span> <span class='ocrx_word' id='word_1_83' title='bbox 806 2411 1026 2510; x_wconf 85' lang='lat' dir='ltr'>(columbae)</span> <span class='ocrx_word' id='word_1_84' title='bbox 1062 2413 1196 2506; x_wconf 68' lang='lat' dir='ltr'>alterat,</span> <span class='ocrx_word' id='word_1_85' title='bbox 1229 2439 1347 2512; x_wconf 90' lang='lat' dir='ltr'>quam</span> <span class='ocrx_word' id='word_1_86' title='bbox 1379 2414 1420 2488; x_wconf 93' lang='lat' dir='ltr'>in</span> 
     </span>
     <span class='ocr_line' id='line_1_16' title="bbox 309 2539 1421 2640; baseline 0 -23"><span class='ocrx_word' id='word_1_87' title='bbox 309 2541 491 2640; x_wconf 79' lang='lat' dir='ltr'>Virginis</span> <span class='ocrx_word' id='word_1_88' title='bbox 524 2542 771 2632; x_wconf 87' lang='lat' dir='ltr'>conduxerat,</span> <span class='ocrx_word' id='word_1_89' title='bbox 808 2546 847 2614; x_wconf 91' lang='lat' dir='ltr'>et</span> <span class='ocrx_word' id='word_1_90' title='bbox 881 2539 973 2614; x_wconf 89' lang='lat' dir='ltr'>navi</span> <span class='ocrx_word' id='word_1_91' title='bbox 1008 2542 1128 2637; x_wconf 70' lang='lat' dir='ltr'>(arcet)</span> <span class='ocrx_word' id='word_1_92' title='bbox 1164 2541 1204 2616; x_wconf 93' lang='lat' dir='ltr'>in</span> <span class='ocrx_word' id='word_1_93' title='bbox 1241 2543 1421 2617; x_wconf 90' lang='lat' dir='ltr'>anchoris</span> 
     </span>
     <span class='ocr_line' id='line_1_17' title="bbox 308 2669 1421 2765; baseline 0 -18"><span class='ocrx_word' id='word_1_94' title='bbox 308 2671 454 2765; x_wconf 72' lang='lat' dir='ltr'>relicta,</span> <span class='ocrx_word' id='word_1_95' title='bbox 483 2674 533 2746; x_wconf 88' lang='lat' dir='ltr'>ad</span> <span class='ocrx_word' id='word_1_96' title='bbox 560 2670 645 2744; x_wconf 63' lang='lat' dir='ltr'>,grum</span> <span class='ocrx_word' id='word_1_97' title='bbox 674 2669 913 2744; x_wconf 85' lang='lat' dir='ltr'>Clementem</span> <span class='ocrx_word' id='word_1_98' title='bbox 949 2695 1065 2744; x_wconf 90' lang='lat' dir='ltr'>cursu</span> <span class='ocrx_word' id='word_1_99' title='bbox 1100 2670 1343 2765; x_wconf 88' lang='lat' dir='ltr'>circumacto,</span> <span class='ocrx_word' id='word_1_100' title='bbox 1371 2674 1421 2747; x_wconf 89' lang='lat' dir='ltr'>ad</span> 
     </span>
     <span class='ocr_line' id='line_1_18' title="bbox 308 2799 1421 2902; baseline -0.001 -24"><span class='ocrx_word' id='word_1_101' title='bbox 308 2802 519 2879; x_wconf 86' lang='lat' dir='ltr'>australem</span> <span class='ocrx_word' id='word_1_102' title='bbox 562 2807 714 2899; x_wconf 89' lang='lat' dir='ltr'>partem</span> <span class='ocrx_word' id='word_1_103' title='bbox 754 2799 929 2874; x_wconf 87' lang='lat' dir='ltr'>fluminis</span> <span class='ocrx_word' id='word_1_104' title='bbox 973 2801 1181 2876; x_wconf 78' lang='lat' dir='ltr'>exscenclit.</span> <span class='ocrx_word' id='word_1_105' title='bbox 1244 2801 1421 2902; x_wconf 79' lang='lat' dir='ltr'>Cumque</span> 
     </span>
     <span class='ocr_line' id='line_1_19' title="bbox 308 2929 1420 3031; baseline 0 -24"><span class='ocrx_word' id='word_1_106' title='bbox 308 2932 504 3007; x_wconf 88' lang='lat' dir='ltr'>Barbaros</span> <span class='ocrx_word' id='word_1_107' title='bbox 535 2932 585 3006; x_wconf 88' lang='lat' dir='ltr'>ad</span> <span class='ocrx_word' id='word_1_108' title='bbox 623 2929 809 3004; x_wconf 89' lang='lat' dir='ltr'>interiora</span> <span class='ocrx_word' id='word_1_109' title='bbox 847 2929 992 3027; x_wconf 84' lang='lat' dir='ltr'>fugisse</span> <span class='ocrx_word' id='word_1_110' title='bbox 1035 2931 1298 3028; x_wconf 84' lang='lat' dir='ltr'>comperisset,</span> <span class='ocrx_word' id='word_1_111' title='bbox 1336 2956 1420 3031; x_wconf 88' lang='lat' dir='ltr'>pro·</span> 
     </span>
     <span class='ocr_line' id='line_1_20' title="bbox 308 3056 1419 3158; baseline 0.001 -24"><span class='ocrx_word' id='word_1_112' title='bbox 308 3081 464 3158; x_wconf 89' lang='lat' dir='ltr'>gressus</span> <span class='ocrx_word' id='word_1_113' title='bbox 481 3063 549 3134; x_wconf 83' lang='lat' dir='ltr'>&#39;est</span> <span class='ocrx_word' id='word_1_114' title='bbox 574 3060 624 3134; x_wconf 88' lang='lat' dir='ltr'>ad</span> <span class='ocrx_word' id='word_1_115' title='bbox 650 3056 848 3132; x_wconf 88' lang='lat' dir='ltr'>civitatem</span> <span class='ocrx_word' id='word_1_116' title='bbox 877 3081 965 3155; x_wconf 79' lang='lat' dir='ltr'>quae</span> <span class='ocrx_word' id='word_1_117' title='bbox 983 3057 1006 3131; x_wconf 78' lang='lat' dir='ltr'>a</span> <span class='ocrx_word' id='word_1_118' title='bbox 1023 3057 1187 3133; x_wconf 87' lang='lat' dir='ltr'>flumine</span> <span class='ocrx_word' id='word_1_119' title='bbox 1213 3062 1419 3158; x_wconf 87' lang='lat' dir='ltr'>desumpto</span> 
     </span>
     <span class='ocr_line' id='line_1_21' title="bbox 308 3185 1419 3288; baseline -0.001 -22"><span class='ocrx_word' id='word_1_120' title='bbox 308 3189 475 3282; x_wconf 88' lang='lat' dir='ltr'>nomine,</span> <span class='ocrx_word' id='word_1_121' title='bbox 516 3187 750 3264; x_wconf 89' lang='lat' dir='ltr'>Patomeack</span> <span class='ocrx_word' id='word_1_122' title='bbox 794 3185 912 3261; x_wconf 89' lang='lat' dir='ltr'>etiam</span> <span class='ocrx_word' id='word_1_123' title='bbox 956 3185 1154 3279; x_wconf 72' lang='lat' dir='ltr'>dicitur‚(¹¹’</span> <span class='ocrx_word' id='word_1_124' title='bbox 1191 3189 1281 3282; x_wconf 82' lang='lat' dir='ltr'>Hic,</span> <span class='ocrx_word' id='word_1_125' title='bbox 1321 3189 1419 3288; x_wconf 81' lang='lat' dir='ltr'>Regi</span> 
     </span>
     <span class='ocr_line' id='line_1_22' title="bbox 307 3316 1419 3422; baseline -0.003 -26"><span class='ocrx_word' id='word_1_126' title='bbox 307 3346 427 3422; x_wconf 91' lang='lat' dir='ltr'>puero</span> <span class='ocrx_word' id='word_1_127' title='bbox 446 3326 550 3395; x_wconf 92' lang='lat' dir='ltr'>tutor</span> <span class='ocrx_word' id='word_1_128' title='bbox 574 3325 657 3393; x_wconf 87' lang='lat' dir='ltr'>erat</span> <span class='ocrx_word' id='word_1_129' title='bbox 681 3318 852 3392; x_wconf 90' lang='lat' dir='ltr'>Patruus</span> <span class='ocrx_word' id='word_1_130' title='bbox 871 3316 1027 3391; x_wconf 91' lang='lat' dir='ltr'>nomine</span> <span class='ocrx_word' id='word_1_131' title='bbox 1051 3319 1211 3412; x_wconf 74' lang='lat' dir='ltr'>archita,</span> <span class='ocrx_word' id='word_1_132' title='bbox 1231 3318 1419 3417; x_wconf 90' lang='lat' dir='ltr'>puerique</span> 
     </span>
     <span class='ocr_line' id='line_1_23' title="bbox 308 3445 1420 3554; baseline -0.004 -27"><span class='ocrx_word' id='word_1_133' title='bbox 308 3453 410 3527; x_wconf 89' lang='lat' dir='ltr'>vices</span> <span class='ocrx_word' id='word_1_134' title='bbox 441 3452 485 3527; x_wconf 86' lang='lat' dir='ltr'>in·</span> <span class='ocrx_word' id='word_1_135' title='bbox 514 3474 633 3548; x_wconf 89' lang='lat' dir='ltr'>regno</span> <span class='ocrx_word' id='word_1_136' title='bbox 664 3447 842 3538; x_wconf 88' lang='lat' dir='ltr'>habebat,</span> <span class='ocrx_word' id='word_1_137' title='bbox 874 3445 937 3520; x_wconf 89' lang='lat' dir='ltr'>vir</span> <span class='ocrx_word' id='word_1_138' title='bbox 967 3446 1100 3554; x_wconf 91' lang='lat' dir='ltr'>gravis</span> <span class='ocrx_word' id='word_1_139' title='bbox 1132 3455 1170 3522; x_wconf 88' lang='lat' dir='ltr'>et</span> <span class='ocrx_word' id='word_1_140' title='bbox 1201 3447 1420 3546; x_wconf 67' lang='lat' dir='ltr'>prudensffl</span> 
     </span>
     <span class='ocr_line' id='line_1_24' title="bbox 308 3575 1419 3676; baseline -0.005 -20"><span class='ocrx_word' id='word_1_141' title='bbox 308 3581 360 3674; x_wconf 90' lang='lat' dir='ltr'>Is,</span> <span class='ocrx_word' id='word_1_142' title='bbox 389 3577 498 3656; x_wconf 88' lang='lat' dir='ltr'>Patri</span> <span class='ocrx_word' id='word_1_143' title='bbox 525 3577 700 3675; x_wconf 77' lang='lat' dir='ltr'>(loanni)</span> <span class='ocrx_word' id='word_1_144' title='bbox 727 3576 876 3651; x_wconf 88' lang='lat' dir='ltr'>altham</span> <span class='ocrx_word' id='word_1_145' title='bbox 904 3575 1054 3671; x_wconf 88' lang='lat' dir='ltr'>(altam.</span> <span class='ocrx_word' id='word_1_146' title='bbox 1077 3575 1156 3668; x_wconf 89' lang='lat' dir='ltr'>vid.</span> <span class='ocrx_word' id='word_1_147' title='bbox 1184 3577 1323 3673; x_wconf 92' lang='lat' dir='ltr'>oliver)</span> <span class='ocrx_word' id='word_1_148' title='bbox 1351 3577 1419 3676; x_wconf 93' lang='lat' dir='ltr'>qui</span> 
     </span>
     <span class='ocr_line' id='line_1_25' title="bbox 306 3707 1417 3802; baseline -0.003 -18"><span class='ocrx_word' id='word_1_149' title='bbox 306 3735 433 3785; x_wconf 87' lang='lat' dir='ltr'>comes</span> <span class='ocrx_word' id='word_1_150' title='bbox 464 3709 621 3783; x_wconf 86' lang='lat' dir='ltr'>additus</span> <span class='ocrx_word' id='word_1_151' title='bbox 653 3713 736 3782; x_wconf 93' lang='lat' dir='ltr'>erat</span> <span class='ocrx_word' id='word_1_152' title='bbox 767 3707 966 3800; x_wconf 65' lang='lat' dir='ltr'>Praefecto</span> <span class='ocrx_word' id='word_1_153' title='bbox 998 3710 1076 3802; x_wconf 92' lang='lat' dir='ltr'>(me</span> <span class='ocrx_word' id='word_1_154' title='bbox 1107 3707 1251 3782; x_wconf 89' lang='lat' dir='ltr'>etenim</span> <span class='ocrx_word' id='word_1_155' title='bbox 1283 3707 1417 3782; x_wconf 91' lang='lat' dir='ltr'>etiam·</span> 
     </span>
     <span class='ocr_line' id='line_1_26' title="bbox 307 3835 1418 3934; baseline -0.002 -22"><span class='ocrx_word' id='word_1_156' title='bbox 307 3839 402 3913; x_wconf 86' lang='lat' dir='ltr'>niun</span> <span class='ocrx_word' id='word_1_157' title='bbox 430 3835 628 3912; x_wconf 89' lang='lat' dir='ltr'>detinebat</span> <span class='ocrx_word' id='word_1_158' title='bbox 654 3836 897 3934; x_wconf 84' lang='lat' dir='ltr'>(Praefectus)</span> <span class='ocrx_word' id='word_1_159' title='bbox 929 3836 979 3909; x_wconf 86' lang='lat' dir='ltr'>ad</span> <span class='ocrx_word' id='word_1_160' title='bbox 1014 3835 1201 3933; x_wconf 88' lang='lat' dir='ltr'>sarcinas)</span> <span class='ocrx_word' id='word_1_161' title='bbox 1237 3839 1418 3934; x_wconf 85' lang='lat' dir='ltr'>quaedam</span> 
     </span>
    </p>
   </div>
   <div class='ocr_carea' id='block_1_3' title="bbox 0 0 1706 5360">
    <p class='ocr_par' dir='ltr' id='par_1_4' title="bbox 0 0 1706 5360">
     <span class='ocr_line' id='line_1_27' title="bbox 0 0 1706 5360; baseline 0 1"><span class='ocrx_word' id='word_1_162' title='bbox 0 0 1706 5360; x_wconf 95' lang='lat' dir='ltr'> </span> 
     </span>
    </p>
   </div>
  </div>
 </body>
</html>
