3402 5360
886 540 933 619 17

354 758 500 835 similia
526 757 662 832 multa.
715 757 880 833 Affulsit
905 756 1011 832 intirs
1036 755 1077 830 in
1105 755 1235 831 animo
1257 752 1467 829 consolatio

299 868 302 874 ¹
356 913 432 964 non
464 885 669 962 mediocris
698 891 736 960 et
763 885 881 960 simul
909 885 1109 984 persuasio
1135 887 1216 960 tam
1243 891 1359 990 certa,
1387 907 1466 974 nm,

356 1042 433 1092 non
469 1017 517 1092 ab
551 1016 623 1090 hac
658 1015 828 1113 procella
858 1016 1024 1110 tantiam,
1056 1017 1124 1090 sed
1159 1018 1207 1089 ab
1238 1014 1346 1088 omni
1381 1013 1467 1105 alia,

356 1145 495 1220 itinere
525 1145 610 1238 isto,
643 1144 877 1238 liberandos,
910 1151 954 1220 ut
984 1145 1117 1219 nullus
1152 1146 1257 1242 apud
1292 1168 1354 1217 me
1389 1167 1470 1217 esse

356 1281 487 1374 posset
504 1274 711 1351 dubitandi
732 1274 850 1349 loeus.
904 1275 1099 1350 Dederam
1118 1301 1179 1350 me
1198 1273 1364 1349 orationi
1382 1299 1469 1348 cum

357 1430 465 1480 mare
487 1403 644 1479 saeviret
669 1403 850 1498 maxime,
870 1411 908 1479 et
930 1406 1049 1503 (quod
1072 1407 1122 1480 ad
1150 1404 1223 1480 Dei
1242 1404 1468 1486 uniusGlo·

357 1535 458 1610 riam
492 1535 618 1632 cedat)
658 1532 821 1608 vixdum
856 1559 942 1608 eam
976 1533 1166 1627 finieram,
1202 1535 1292 1609 oiun
1327 1535 1470 1610 sedisse

358 1663 724 1740 animadvertebant
757 1669 1041 1761 tempestatem.
1107 1664 1157 1738 Id
1190 1663 1336 1738 scilieet
1371 1688 1470 1738 novo

358 1794 526 1891 quodam
545 1815 608 1865 me
625 1789 755 1865 induit
775 1789 913 1865 habitu
932 1789 1064 1884 animi,
1084 1791 1333 1890 perfuditque
1354 1790 1471 1865 simul

358 1920 501 2020 gaudio
519 1919 669 2017 ingenti
687 1925 726 1994 ot
747 1919 1015 2012 admiratione,
1035 1921 1124 1995 edm
1148 1920 1378 2018 impensam,
1400 1920 1471 1994 Dei

358 2054 399 2128 in
419 2051 682 2152 Marylandiae
705 2051 881 2149 populos,
900 2051 1143 2126 voluntatem
1167 2052 1232 2150 (ad
1254 2077 1349 2150 quos
1374 2051 1473 2126 Rev⁸

358 2183 412 2258 V³
443 2207 512 2257 nos
549 2180 671 2280 misit)
710 2180 817 2256 haud
847 2181 965 2278 paulo
1001 2179 1171 2278 amplius
1202 2180 1470 2278 persentirem.

360 2311 598 2388 Dulcissima
631 2309 904 2408 Redemptoris
939 2309 1074 2384 Nostri
1110 2309 1272 2384 Bonitas
1302 2313 1342 2384 ia
1376 2318 1474 2384 ater·

360 2467 447 2516 nam
466 2441 662 2515 invadetur!

409 2570 508 2646 Oum
534 2569 590 2644 itai
607 2568 863 2645 deferbuisset
882 2569 967 2666 jaim
991 2595 1111 2663 mare,
1131 2570 1252 2645 trium
1279 2569 1472 2644 mensium

361 2702 560 2802 navigatio
581 2701 847 2802 placidissima
865 2701 951 2794 fuit,
971 2708 1015 2776 ut
1032 2704 1252 2777 navarchus
1271 2727 1360 2776 eum
1379 2700 1470 2793 suis,

355 2830 629 2932 jucundiorem
659 2856 700 2905 se
728 2829 873 2905 vidisse
901 2855 1115 2929 nunquam,
1144 2838 1213 2906 aut
1243 2830 1472 2929 quietiorem

361 2959 661 3036 asseveraverit:
690 2984 814 3057 neque
832 2957 936 3033 enim
956 2958 1072 3034 unius
1090 2960 1196 3034 horae
1214 2957 1320 3057 passi
1338 2982 1472 3032 sumus

360 3091 660 3166 incommodum.
713 3089 810 3163 Cum
831 3091 921 3163 verb
938 3096 1017 3164 tres
1036 3114 1187 3164 menses
1206 3088 1375 3181 nomino,
1395 3111 1472 3161 non

362 3220 446 3297 dieo
465 3245 535 3294 nos
561 3217 713 3294 tamdiu
739 3243 846 3293 mare
863 3218 1062 3312 insedisse,
1082 3222 1150 3294 sed
1175 3219 1250 3293 iter
1275 3218 1472 3316 integrum

286 3340 289 3346 ’
361 3356 400 3425 et
424 3373 553 3423 moras
580 3345 745 3449 quasin
773 3345 921 3444 antillis
950 3347 1097 3421 Insulis
1124 3345 1326 3434 traximus,
1355 3348 1472 3420 adnu-

361 3503 479 3554 mero,
531 3475 741 3574 Navigatio
763 3475 867 3550 enim
893 3476 980 3574 ipsa
1006 3483 1154 3574 septem
1182 3476 1471 3566 Hebdomadas,

361 3617 400 3684 et
434 3611 530 3684 duos
573 3605 816 3680 solummodo
851 3605 933 3680 dies
966 3604 1103 3699 tenuit,
1140 3605 1257 3702 idque
1295 3608 1472 3678 censetur

365 3738 469 3836 (iter)
501 3734 737 3832 expeditum.

373 3927 379 3940 .
411 3870 477 3943 Ab
505 3892 548 3942 eo
576 3865 697 3964 igitur
724 3872 920 3962 tempore,
939 3867 1094 3963 quandb
1121 3864 1233 3939 littus
1266 3861 1472 3960 Hispaniae

361 3997 596 4096 legebamus,
623 4017 746 4092 neque
774 3993 1092 4091 adversamque
1118 3999 1234 4066 vento
1261 3991 1473 4065 admodum
