3402 5360
848 519 898 593 23

317 735 380 811 vel
407 735 458 811 ad
483 734 629 833 piscem
656 732 696 808 iu
726 733 989 810 Greenlandia
1014 737 1274 812 condiendum
1306 736 1429 810 confe-

316 872 420 942 runt.
475 863 595 964 Copia
617 863 710 940 salis
737 871 853 964 atque
876 865 994 941 etiam
1015 866 1243 966 (lapsarum,
1263 891 1427 966 quarum

316 994 446 1072 insula
480 995 588 1072 ferax
621 1000 691 1088 est,
723 995 767 1069 eo
802 1018 872 1069 nos
902 993 1116 1088 invitabat3
1157 997 1248 1070 nam
1284 993 1429 1094 alioqui

318 1122 536 1198 habitatore
567 1121 676 1196 nullo
711 1120 844 1196 utitur.
909 1121 1030 1198 Pauci
1060 1123 1215 1198 tantum
1250 1123 1430 1199 Lusitani

319 1253 435 1330 exilio
473 1259 633 1352 propter
667 1252 812 1328 scelera
846 1252 962 1351 pulsi,
998 1253 1133 1347 vitam,
1170 1261 1215 1331 ut
1254 1262 1429 1354 possunt,

317 1388 492 1468 trahunt.
561 1385 640 1461 Vix
678 1386 753 1461 200
787 1383 973 1460 milliaria
1008 1386 1305 1485 confeceramus,
1341 1387 1430 1461 oum

319 1516 480 1592 mutatis
508 1516 651 1596 iterum
683 1517 941 1614 quorumdam
970 1516 1216 1615 suggestione
1246 1516 1429 1610 consiliis,

319 1673 368 1724 ne
392 1653 630 1723 commeatus
655 1646 697 1720 in
728 1652 838 1720 tanto
864 1646 1027 1722 circuitu
1055 1671 1124 1721 nos
1151 1649 1339 1742 deficeret,
1364 1649 1429 1722 de-

284 1863 287 1868 ·
317 1776 498 1852 fleximus
524 1777 575 1851 ad
603 1775 839 1852 Barbadoes.
1024 1859 1032 1870 ,

369 1905 442 1981 Est
468 1929 513 1980 ea
538 1902 747 1980 Oara'ibum
776 1927 844 1977 seu
873 1903 1101 1978 antillarum
1127 1903 1346 1980 insularum
1376 1884 1431 1980 ul·

318 2034 427 2130 tima,
443 2034 493 2109 ab
510 2038 705 2132 aequatore
719 2034 779 2109 13.
793 2031 980 2130 gradibus
999 2033 1160 2128 distans,
1176 2042 1434 2134 ceterarumq:

323 2167 427 2266 (quae
456 2165 497 2240 in
525 2166 686 2240 modum
715 2165 827 2238 arcta
855 2165 906 2239 ad
936 2189 1059 2264 usque
1091 2165 1230 2240 Sinum
1259 2167 1428 2242 Mexica-

318 2320 415 2371 num
441 2295 557 2393 longo
582 2299 709 2368 tractu
739 2295 1042 2395 portenduntur)
1072 2297 1312 2394 granarium.
1364 2299 1430 2373 Ad

318 2424 418 2499 hanc
441 2429 485 2498 ut
510 2421 736 2521 appulimus
762 2421 877 2498 tertio
904 2423 1095 2518 Januarii,
1119 2425 1159 2500 in
1186 2425 1302 2525 spem
1324 2428 1429 2503 veni·

318 2578 408 2630 mus
441 2553 657 2628 multarum
691 2552 1010 2629 commoditatum
1046 2557 1096 2630 ab
1130 2556 1283 2650 incolis,
1302 2558 1430 2657 anglis

318 2690 357 2760 et
390 2681 675 2782 consanguineo
711 2681 996 2776 Gubernatore;
1041 2688 1108 2762 sed
1146 2687 1431 2787 conspiratione

317 2812 419 2887 facta
446 2811 622 2886 modium
649 2808 769 2885 tritici
801 2809 868 2908 qui
898 2809 940 2885 in
971 2811 1101 2888 insula
1128 2815 1256 2890 medio
1283 2816 1431 2892 floreno

318 2940 477 3039 Belgico
511 2939 703 3033 veniebat,
731 2939 842 3014 nobis
877 2965 955 3015 non
991 2941 1066 3016 nisi
1101 2943 1309 3044 quintuplst
1343 2972 1431 3045 pro·

318 3070 496 3170 portione
535 3071 702 3170 (duobus
735 3068 893 3144 florenis
928 3096 1016 3146 oum
1052 3072 1229 3173 dimidio)
1262 3079 1431 3152 vendere

319 3204 585 3294 decreverunt,
793 3223 917 3275 unum
943 3201 1004 3276 50.
1031 3201 1189 3277 florenis
1215 3203 1428 3298 licitabant,

318 3318 474 3432 pullum
509 3331 691 3406 Indicum
733 3332 793 3405 25.
830 3336 956 3438 cetera
991 3331 1074 3429 ejus
1116 3333 1269 3432 generis
1305 3335 1431 3410 altilia

318 3460 471 3537 minora
496 3459 622 3535 tribus
650 3457 838 3550 Floronia,
867 3458 1060 3534 Bovinam
1087 3486 1156 3536 seu
1182 3463 1429 3539 vervecinam

319 3590 471 3666 nullam
501 3577 709 3672 habebant.
761 3586 915 3662 Vivunt
943 3586 1060 3662 etiam
1093 3614 1194 3686 pane
1225 3590 1361 3665 Indico
1392 3599 1430 3667 et

319 3720 475 3811 Putatis,
503 3719 607 3817 quod
631 3715 807 3792 radicum
833 3741 956 3814 genus
982 3719 1092 3792 tanta
1118 3719 1317 3795 affluentia
1342 3746 1428 3819 pro·

202 3871 206 3876 ·
318 3847 441 3948 venit,
459 3854 503 3923 ut
523 3848 700 3946 plaustra
717 3845 870 3946 integra
891 3846 1013 3945 gratis
1032 3849 1183 3924 auferre
1205 3850 1331 3928 liceat.
