3402 5360
827 495 875 570 21

289 708 358 782 bos
377 715 618 807 mortemque
636 709 871 786 attulissent.
924 711 1039 787 Mora
1057 713 1176 788 saluti
1194 712 1285 788 fuit:
1314 715 1405 788 nam

289 834 428 933 hyeme
445 839 743 912 conscendentes
762 837 989 936 hujusmodi
1007 839 1264 916 incommodis
1280 839 1406 916 carui·

289 987 390 1056 mus3
413 963 501 1038 etsi
520 971 722 1040 consuetas
742 965 1020 1065 navigantibus
1039 993 1204 1044 nauseas
1222 967 1403 1067 excipias,

289 1117 402 1167 nemo
428 1093 563 1168 morbo
582 1093 712 1192 aliquo
738 1099 911 1169 tentatus
939 1101 998 1170 est
1024 1097 1215 1194 usquead
1242 1096 1404 1170 Festum

289 1218 519 1294 Nativitatis
555 1219 726 1295 Domini.
791 1222 832 1296 Is
868 1222 960 1317 dies,
992 1230 1034 1298 ut
1070 1223 1258 1299 celebrior
1292 1231 1403 1318 esset,

288 1350 541 1449 propinatum
568 1357 627 1426 est
651 1350 806 1444 binum,
836 1377 922 1451 quc,
953 1353 1020 1451 qui
1052 1353 1113 1428 usi
1142 1360 1235 1429 sunt
1263 1354 1401 1429 intem·

287 1479 500 1576 perantiirs
519 1479 617 1554 febri
635 1480 802 1578 correpti
821 1488 913 1556 sunt
930 1481 1110 1579 proxima
1127 1483 1224 1576 luce,
1241 1508 1402 1558 numero

288 1608 470 1708 triginta3
498 1615 537 1683 et
562 1632 608 1683 ex
626 1608 674 1683 iis
701 1633 776 1684 non
796 1608 852 1684 ita
870 1609 995 1684 multi>
1021 1616 1120 1708 post,
1140 1610 1285 1685 mortui
1312 1617 1404 1684 sunt

287 1737 439 1813 circiter
457 1737 660 1815 duodecim
688 1738 790 1813 inter
816 1764 912 1838 quos
939 1741 1016 1814 duo
1035 1738 1237 1814 Catholici.
1290 1739 1401 1838 Mag·

288 1892 382 1941 num
401 1867 463 1942 sui
481 1869 586 1964 apud
605 1891 674 1941 nos
693 1867 931 1943 desiderium
954 1867 1200 1966 reliquerunt
1217 1868 1255 1942 N
1258 1867 1402 1942 ioolaus

288 1996 508 2072 Fairfaxius
534 2003 573 2072 et
599 1997 768 2072 Jacobus
795 1997 988 2073 Barefote.

347 2126 456 2202 Inter
499 2125 767 2224 navigandum
809 2127 913 2225 (post
955 2134 1204 2226 conspectum
1249 2128 1401 2202 Piscem

287 2255 387 2330 Solis
413 2255 481 2354 qui
511 2255 642 2330 cursui
668 2255 760 2330 solis
787 2255 988 2349 obnititur,
1015 2263 1054 2332 et
1079 2263 1138 2332 est
1162 2257 1280 2333 index
1305 2265 1399 2332 tem-

287 2391 482 2482 pestatum
501 2391 664 2483 postque
684 2391 957 2483 tempestatem
975 2389 1111 2460 revera
1129 2412 1206 2461 non
1225 2386 1401 2486 unamls⁰>

287 2513 413 2588 multa
439 2515 692 2588 occurrebant
717 2513 880 2590 curiosa.
934 2514 982 2589 In
1013 2514 1153 2614 primis
1181 2517 1304 2594 Pisces
1328 2519 1401 2592 ocl-

287 2633 389 2718 cntes
415 2643 482 2742 qui
508 2647 623 2720 modo
649 2669 791 2743 aequor,
811 2645 926 2738 modb
947 2648 1038 2719 aera
1063 2645 1241 2740 sublime,
1261 2646 1400 2744 pennis

287 2773 470 2847 secabant
487 2798 689 2872 passerum
708 2771 979 2870 magnitudine
998 2773 1060 2848 vel
1084 2775 1277 2872 majorum
1301 2775 1400 2874 (spa-

286 2901 435 3000 rorum)
466 2925 574 2999 quas,
608 2901 734 3000 (quos)
765 2899 880 2975 valde
907 2899 1024 2974 etiam
1055 2909 1174 2999 gustu
1204 2911 1399 3003 praegrato

286 3030 471 3106 referunt.
524 3029 685 3105 Genteni
707 3031 898 3129 gregatim
918 3055 958 3104 se
976 3031 1016 3104 in
1036 3035 1126 3106 aer-a
1144 3032 1290 3108 librant
1309 3034 1398 3109 Del·

286 3159 427 3258 plrinos
458 3186 546 3235 oum
577 3161 735 3260 fugiunt
766 3161 1026 3259 insequentes.
1084 3163 1232 3237 Eorum
1264 3164 1397 3264 aliqui,

207 3291 212 3296 ”
286 3290 486 3366 deficiente
520 3317 739 3390 pennarum
773 3290 947 3389 remigio,
978 3289 1018 3366 in
1055 3300 1228 3367 nostram
1264 3295 1398 3369 navim

286 3420 528 3514 deciderunt3
565 3448 656 3497 nam
684 3447 761 3500 unc
787 3421 950 3520 impetu,
979 3447 1055 3496 non
1083 3423 1253 3523 ampliirs
1280 3427 1397 3523 quam

286 3553 453 3626 duorum
488 3552 551 3627 vel
585 3553 706 3631 trium
740 3553 925 3650 jugerum
960 3551 1132 3650 spatium
1167 3555 1395 3651 pervolant3

285 3681 369 3754 tum
388 3681 529 3779 pinnas
548 3687 635 3758 aere
653 3681 860 3760 exsiccatas
879 3680 990 3780 aquis
1004 3681 1140 3757 rursds
1158 3681 1399 3782 immergunt
