3348 5346
797 503 847 578 23

264 766 419 834 centum
454 767 493 834 et
526 759 700 858 triginta.
771 760 914 834 Modus
949 760 1177 836 excurrendi
1212 760 1274 835 hic
1309 768 1377 835 est.

266 887 434 986 Navigio
470 913 538 964 seu
572 889 700 963 lembo
735 889 925 964 vehimur.
991 890 1108 964 Pater
1143 889 1288 964 scilicet
1321 890 1378 963 in-

264 1023 414 1114 terpres
450 1024 488 1091 et
522 1017 707 1092 famulus:
753 1017 979 1116 (interprete
1014 1018 1118 1093 enim
1154 1018 1302 1094 utimur
1336 1027 1380 1094 ut

266 1150 401 1241 postea
435 1144 598 1243 dicetur)
638 1171 803 1244 querum
838 1147 914 1221 duo
949 1146 1078 1239 remis,
1114 1172 1200 1220 cum
1240 1153 1379 1221 vent-us

267 1272 329 1346 vel
365 1273 593 1348 adversatur
626 1274 688 1348 vel
725 1274 861 1367 deficit,
898 1274 1121 1350 naviculum
1160 1274 1379 1374 impellunt,

266 1401 404 1475 tertius
431 1402 539 1476 clave
567 1401 717 1499 dirigit:
753 1403 914 1478 ferimus
945 1429 1022 1478 una
1048 1403 1227 1478 cistulam
1255 1403 1379 1502 panis,

267 1529 409 1628 butyri,
428 1529 539 1622 casei,
558 1530 672 1604 farris
696 1537 786 1605 ante
810 1530 1075 1606 maturitatem
1099 1532 1240 1608 exsecti
1266 1539 1381 1630 atque

268 1657 409 1752 siccati,
434 1660 612 1734 fabarum
638 1666 677 1734 et
702 1659 830 1758 exigui
857 1659 1004 1734 farinae.
1056 1661 1236 1735 Alteram
1262 1661 1380 1736 etiam

269 1789 421 1863 utribus
446 1789 673 1882 deferendis,
696 1814 862 1888 quorum
886 1815 986 1864 unus
1007 1789 1090 1864 vini
1115 1792 1165 1865 ad
1188 1791 1380 1865 celebran-

269 1917 374 2008 dum,
390 1941 457 1989 sex
474 1941 583 2014 aquae
601 1917 651 1990 ad
669 1915 863 2012 Baptismi
882 1941 996 1990 usum
1013 1916 1234 1992 benedictae.
1284 1919 1380 2016 Cap·

271 2045 397 2119 sulam
432 2069 519 2118 cum
558 2042 817 2142 suppellectili
857 2069 980 2118 sacra:
1021 2051 1060 2118 et
1099 2045 1273 2120 tabulam
1314 2071 1382 2120 seu
1442 2049 1445 2054 ’

272 2175 393 2248 altare
424 2198 530 2247 sacro
561 2173 752 2265 faciendc;
793 2173 956 2247 alteram
987 2172 1105 2248 etiam
1135 2173 1292 2272 plenam
1324 2199 1380 2249 re·

272 2302 378 2395 culis,
408 2327 503 2400 quas
538 2302 648 2376 Indis
684 2305 732 2377 ad
768 2327 832 2377 eos
867 2301 1126 2378 conciliandos
1162 2305 1310 2397 damus,
1339 2311 1383 2378 ut

272 2439 363 2507 sunt
402 2432 653 2530 campanulae,
696 2431 877 2529 pectines,
913 2431 1070 2524 cultelli,
1112 2431 1219 2506 hami
1260 2432 1381 2530 pisca·

271 2561 371 2653 terii,
395 2586 495 2652 acuS,
519 2561 641 2654 filum,
666 2567 705 2635 et
730 2567 868 2635 caetera
893 2559 1127 2658 hujusmodi.
1181 2561 1382 2635 Habemus

272 2689 390 2764 etiam
425 2689 599 2763 Stcream
628 2714 803 2786 parvam,
835 2713 922 2763 cum
953 2689 1025 2762 sub
1059 2689 1123 2764 dio
1151 2690 1382 2781 cubandum,

276 2821 394 2916 (quod
420 2819 600 2916 frequens
626 2820 711 2917 est)
737 2817 855 2892 aliam
881 2817 999 2892 etiam
1025 2819 1213 2916 majorem
1238 2819 1384 2916 pluviae

272 2949 447 3021 arcendae
481 2946 677 3021 idoneam:
714 2944 852 3020 famuli
887 2945 1005 3019 etiam
1040 2945 1171 3043 aliqua
1205 2947 1384 3022 deferunt

272 3075 430 3150 venatui
472 3073 695 3168 necessaria,
742 3074 833 3172 (84)
878 3073 989 3172 eique
1029 3073 1070 3148 in
1111 3073 1240 3149 cibum
1280 3084 1383 3174 post·

273 3205 444 3295 modum,
470 3202 502 3276 si
527 3201 620 3300 quid
644 3208 839 3300 ceperunt,
864 3203 1050 3299 paranda.
1104 3202 1152 3276 In
1179 3202 1383 3279 itineribus

273 3357 468 3425 conamur,
495 3337 685 3430 quantum
715 3355 932 3428 possumus
959 3330 1113 3427 vesperi
1143 3333 1194 3405 ad
1224 3334 1383 3406 domum

274 3461 446 3559 aliquam
480 3459 736 3557 Anglicarum
770 3459 833 3533 vel
869 3459 1058 3533 Indorum
1094 3459 1283 3556 oppidum
1318 3486 1383 3559 ap-

274 3590 433 3687 pellere:
470 3588 530 3662 sin
565 3587 706 3681 minus,
731 3586 987 3679 excendimuS,
1015 3593 1054 3661 et
1083 3586 1193 3661 Patri
1228 3588 1384 3686 quidem

274 3718 463 3792 incumbit
494 3716 682 3791 naviculae
710 3742 811 3809 cura,
839 3723 883 3790 ut
911 3715 1074 3790 firmiter
1102 3714 1225 3790 littori
1253 3717 1385 3816 allige-

273 3855 348 3938 tur,
385 3845 524 3920 deinda
561 3844 669 3942 ligna
709 3843 916 3942 colligendi
956 3843 1161 3943 ignemque
1199 3833 1384 3936 struendi,

274 3975 421 4062 interea
449 3976 543 4048 dum
572 3973 638 4047 alii
668 3974 743 4048 duc
770 3979 954 4047 venatum
983 3974 1136 4066 abeunt,
1161 3981 1205 4048 ut
1233 3974 1265 4048 si
1293 3975 1387 4072 quid

274 4102 429 4200 capiant
455 4108 630 4199 paratum
666 4101 726 4175 sin
758 4101 899 4194 minus,
927 4101 1069 4174 nostris
1105 4127 1174 4175 nos
1204 4101 1298 4176 cibis
1329 4129 1386 4178 re-

274 4231 444 4305 ficientes
470 4230 583 4326 juxta
608 4231 735 4303 focum
766 4230 949 4304 cubantes
976 4229 1170 4303 somnium
1201 4230 1386 4328 capimus

274 4358 315 4432 Si
333 4357 479 4455 pluviae
497 4363 623 4431 metus
645 4356 858 4448 immineat,
879 4357 1032 4454 mapale
1053 4355 1250 4453 erigimus
1270 4365 1386 4434 stere-
