3402 5360
866 487 916 560 16

305 761 309 778 .
335 709 455 778 retur.
509 703 609 801 Ejus
627 727 719 801 pars
738 727 816 779 una
835 701 876 777 in
895 727 1003 778 mare
1021 701 1160 795 delata,
1180 701 1283 799 aegre
1300 704 1453 797 recepta

338 839 408 908 est.

389 961 467 1036 ch
494 960 696 1036 fortissimi
709 960 901 1060 ‚cujusque
927 959 1010 1035 sive
1027 958 1194 1034 vectoris
1220 957 1304 1034 sive
1323 964 1452 1033 nautae

337 1095 396 1164 est
421 1097 688 1166 consternatus
715 1090 891 1183 animus,
924 1090 1148 1165 fatebantur
1175 1088 1279 1164 enirn
1307 1087 1453 1164 vidisse

337 1245 378 1294 se
396 1219 493 1294 alias
513 1245 642 1314 naves,
662 1219 811 1294 minore
830 1218 1000 1317 procellat
1026 1216 1300 1316 praecipitatam,
1321 1241 1452 1291 accen·
1531 1253 1533 1256 ·
1632 1257 1641 1270 ·

338 1349 397 1425 dit
422 1351 514 1424 vero
540 1349 573 1424 is
599 1348 714 1424 turbo
741 1347 1030 1424 Catholicorum
1056 1371 1189 1446 preces
1215 1353 1255 1421 et
1280 1352 1382 1439 vota,
1408 1345 1449 1420 in

336 1477 523 1553 honorem
550 1478 606 1552 ΒΕΘ
623 1475 800 1577 Virginis
827 1476 969 1553 Matris
987 1484 1026 1553 et
1051 1477 1313 1552 immaculatae
1340 1477 1452 1575 Ejus·

337 1607 426 1681 dem
457 1606 738 1705 Conceptionis,
770 1607 902 1683 Sancti
938 1605 1084 1706 Ignatii
1119 1605 1282 1682 Patroni
1317 1605 1449 1705 Mary-

337 1735 480 1812 landiae
514 1735 644 1812 Sancti
688 1736 883 1812 Michaelis
926 1745 965 1813 et
1006 1736 1235 1814 tutelarium
1274 1735 1450 1812 omniurn

336 1863 482 1939 ibidem
518 1865 758 1963 angelorum.
823 1867 876 1942 Et
918 1866 1082 1966 quisque
1116 1865 1292 1942 animum
1335 1891 1450 1940 suum

337 1995 454 2069 Sacri
496 1995 821 2095 Exomo·expiare
864 2000 1132 2075 contendebat.
1201 1998 1304 2073 Nalm
1348 1998 1450 2073 clavi

338 2124 604 2201 moderamine
625 2127 768 2202 amisso
786 2128 989 2227 navigium
1011 2129 1095 2228 jam
1114 2127 1230 2204 undis
1254 2135 1293 2203 et
1310 2129 1449 2222 ventis,

338 2253 566 2329 derelictum
590 2237 806 2332 fluctuabat
822 2265 867 2333 ut
882 2257 923 2331 in
950 2260 1051 2356 aquai
1070 2257 1210 2350 discuS,
1230 2258 1325 2332 dum
1344 2258 1449 2332 Deus

338 2383 456 2458 saluti
486 2383 592 2458 viam
623 2384 803 2484 aperiret.
868 2385 998 2480 Initio,
1030 2386 1163 2480 fateor,
1195 2393 1450 2484 occupaverat

336 2511 441 2586 mcffl)
459 2519 585 2588 metus
612 2514 837 2590 amittendae
864 2514 975 2590 navis
994 2523 1032 2591 et
1058 2516 1171 2608 vitae3
1198 2523 1334 2614 postea
1359 2519 1450 2591 vero

337 2643 455 2739 quam
486 2637 642 2740 tompus
673 2643 831 2742 aliquod
861 2643 1038 2737 orationi,
1065 2644 1208 2737 minus,
1241 2669 1312 2743 pro
1343 2669 1449 2718 more

337 2794 422 2844 meo
441 2769 677 2868 quotidiano,
696 2771 826 2870 tepide
851 2771 1142 2870 impendissem,
1162 2779 1277 2870 atquc
1297 2771 1449 2847 Christo

339 2899 517 2994 Domine,
546 2900 602 2974 Bae
622 2900 791 2999 Virgini,
821 2903 873 2976 ga
899 2901 1055 3000 Ignatio
1081 2908 1121 2976 et
1145 2901 1295 3002 angelis
1332 2901 1450 2976 Mari-

337 3031 480 3106 landiae
498 3032 773 3130 exposuissem,
789 3032 1032 3132 propositum
1050 3033 1168 3131 hujus
1186 3033 1337 3108 itineris
1356 3059 1448 3127 esse,

339 3158 577 3256 Sanguinem
610 3161 883 3261 Redemptoris
914 3161 1049 3238 Nostri
1075 3161 1116 3237 in
1146 3162 1271 3237 salute
1302 3162 1448 3237 Barba·

338 3314 473 3363 rorum
516 3290 724 3366 honorare:
779 3291 904 3367 eidem
948 3289 1137 3366 servatori
1181 3291 1363 3388 Regnum
1403 3289 1451 3389 (si

339 3426 499 3494 conatus
523 3427 657 3499 tenues
676 3423 887 3496 secundare
911 3419 1093 3518 dignetur
1111 3419 1286 3518 erigere)
1310 3419 1450 3495 Dotem

340 3549 504 3625 alteram
536 3551 805 3628 Immaculatae
827 3549 984 3648 Virgini
1013 3549 1135 3624 Matri
1163 3574 1386 3625 consecrare
1411 3559 1450 3624 et
