3328 5352
850 514 901 588 42

327 725 577 802 constitutoa
603 726 784 826 pluribus
810 725 922 826 pagis
948 751 1161 804 convenere
1178 727 1280 804 circa
1305 726 1438 824 ingen·

327 863 408 932 tem
426 857 557 958 ignem
575 883 709 934 omnes
728 857 902 933 omnium
921 865 1082 934 aetatum
1100 857 1177 934 viri
1195 858 1439 955 feminaeque;

328 987 504 1086 proxime
537 991 588 1064 ad
622 988 753 1088 ignem
788 989 945 1064 stabant
973 989 1167 1087 juniores3
1203 989 1304 1088 pone
1337 986 1438 1079 illos,

327 1115 598 1212 provectiores,
650 1116 757 1191 Tunc
789 1115 904 1214 adipe
934 1113 1091 1190 cervina
1116 1115 1157 1190 in
1188 1114 1318 1214 ignem
1350 1137 1437 1188 con·

321 1243 436 1340 jecta,
468 1243 709 1342 sublatisque
743 1243 784 1318 in
815 1244 953 1318 caelum
986 1243 1167 1318 manibus
1198 1251 1236 1318 et
1266 1241 1437 1330 vocibus,

327 1372 569 1448 clamabant:
608 1375 702 1472 puto
731 1376 835 1471 pado.
905 1372 1122 1447 Intervallo
1156 1373 1256 1446 facto
1290 1371 1439 1469 profert

325 1526 427 1576 unus
458 1501 600 1602 aliquis
634 1503 732 1578 bene
763 1527 946 1600 magnam
982 1526 1138 1599 peram3
1175 1500 1215 1574 in
1251 1500 1345 1598 perd
1380 1505 1438 1573 est

324 1631 442 1705 tubus
460 1637 500 1706 et
524 1630 668 1730 pulvis,
688 1656 803 1729 quern
824 1632 921 1706 Poto
939 1629 1154 1705 nominant.
1207 1629 1340 1704 Tubus
1366 1634 1435 1719 est,

324 1759 431 1857 quali
474 1759 678 1834 Nostrates
713 1765 879 1834 utuntur
919 1762 969 1835 ad
1004 1761 1244 1858 adaugendum
1282 1757 1436 1832 fumum

324 1885 476 1980 Tabaci,
496 1888 564 1961 sed
590 1886 714 1972 multo
732 1885 891 1984 majori:
919 1885 1041 1984 igitur
1066 1911 1172 1986 pera,
1186 1884 1287 1960 circat
1304 1883 1436 1982 ignem

323 2010 457 2105 fertur,
486 1987 736 2110 sequentibus
762 2011 894 2110 pueris
921 2019 960 2086 et
985 2011 1139 2109 puellis,
1158 2018 1197 2086 et
1223 2035 1316 2085 voce
1341 2009 1437 2084 satis

323 2142 436 2238 grata
473 2141 757 2216 alternantibus
789 2144 881 2240 yolo
911 2144 1015 2240 pudo.
1080 2140 1233 2216 Circulo
1268 2145 1435 2238 peract0,

323 2270 508 2346 eximitur
534 2273 653 2348 tubus
680 2271 700 2346 e
732 2273 827 2370 peria
852 2278 890 2346 et
916 2270 1048 2371 pulvis
1068 2272 1166 2347 Petu
1191 2270 1232 2344 in
1259 2269 1436 2368 singulos

324 2403 522 2477 adstantes
571 2400 842 2492 distribuitur3
895 2401 1005 2499 cujus
1047 2400 1088 2474 in
1141 2400 1234 2475 tubo
1286 2397 1436 2473 accensi

323 2533 489 2624 fumum,
521 2529 685 2629 quisque
719 2555 920 2628 exsugenS,
957 2531 1133 2605 membra
1167 2527 1339 2626 corporis
1374 2526 1436 2602 sui

323 2657 479 2758 singula
513 2657 665 2757 perflat,
701 2665 984 2757 consecratque.
1055 2657 1177 2733 Plura
1214 2681 1289 2730 non
1325 2655 1437 2730 licuit

324 2788 481 2882 discere,
521 2787 597 2862 nisi
640 2789 744 2886 quod
786 2787 995 2862 videantur
1038 2787 1219 2862 notitiam
1262 2785 1435 2884 aliquam

323 2916 506 2992 habuisse
538 2913 689 2991 Diluvii
718 2941 794 3015 quo
825 2918 995 2992 mundus
1026 2916 1144 3014 periit
1170 2923 1331 3015 propter
1357 2940 1434 2990 sce·

326 3049 408 3124 lera
437 3048 654 3125 hominurn.

375 3178 465 3254 Uno
494 3179 649 3254 tantum
677 3203 810 3254 mense
840 3178 903 3253 hic
933 3178 1094 3255 fuimus:
1141 3179 1272 3279 itaque
1310 3186 1437 3255 cetera

325 3307 514 3406 proximae
537 3307 779 3405 navigationi
805 3310 998 3383 servanda
1024 3316 1125 3384 sunt.
1172 3309 1281 3384 Illud
1307 3334 1436 3384 assero

325 3438 452 3514 solum
480 3438 606 3514 videri
634 3437 676 3512 in
703 3437 842 3536 primis
870 3439 1018 3531 fertilc3
1046 3441 1167 3538 fraga,
1195 3439 1306 3532 vitea,
1334 3438 1434 3514 saxi·

325 3565 506 3664 fragium,
546 3566 719 3664 glandes,
750 3566 960 3664 juglandes
1004 3567 1150 3665 passim
1194 3566 1437 3642 densissimis

326 3696 367 3770 in
394 3695 517 3797 sylvis
545 3696 751 3771 calcamus.
804 3694 930 3794 Nigra
955 3703 994 3771 ct
1020 3722 1083 3772 mo
1102 3697 1150 3772 lis
1176 3703 1291 3791 terra,
1319 3695 1437 3772 unius
