3348 5346
817 499 867 574 24

287 780 385 854 aque
419 755 567 854 majore
601 755 743 854 injecta
776 753 961 854 tegimur3
1001 779 1070 830 nee
1105 755 1235 830 animo
1270 755 1400 828 minus

287 883 389 976 laeto,
418 883 500 959 Deo
532 884 706 978 sitlans,
734 883 972 959 tenuivictu
1007 886 1179 983 duroque
1213 885 1311 959 lecto
1339 883 1401 957 hic

287 1011 444 1106 utimur,
472 1039 589 1112 quam
624 1013 884 1089 commodiore
914 1013 955 1088 in
990 1013 1165 1112 Europa:
1211 1013 1400 1088 Praesenti

287 1142 431 1218 scilicet
455 1141 612 1236 Solatia,
632 1144 735 1242 qnod
762 1143 868 1218 Deus
894 1150 1095 1241 tamquam
1122 1143 1279 1218 arrham
1305 1143 1398 1240 ejus

276 1271 390 1368 quod
423 1269 464 1344 in
495 1271 624 1345 futuro
660 1272 821 1346 daturus
857 1277 925 1364 est,
952 1271 1118 1346 fideliter
1145 1271 1185 1345 in
1217 1272 1289 1346 hac
1318 1271 1400 1345 vita

286 1396 562 1489 laborantibus,
604 1396 714 1471 nobis
759 1397 944 1495 impertit,
991 1396 1194 1473 dulcedine
1232 1399 1399 1496 quadam

287 1523 457 1598 difficilia
491 1523 622 1598 omnia
656 1525 838 1623 aspergit,
873 1525 1092 1623 praesertim
1127 1527 1231 1623 quod
1265 1524 1399 1600 divina

286 1650 409 1749 ipsius
443 1652 625 1748 majestas
660 1677 778 1749 supra
812 1678 1057 1727 communem
1092 1654 1253 1728 modum
1288 1652 1398 1726 nobis

287 1781 420 1854 adesse
437 1780 626 1854 videatur.
679 1781 717 1853 N
719 1805 783 1854 am
805 1788 976 1878 spectata
997 1781 1142 1878 linguae
1163 1781 1279 1879 hujus
1301 1781 1397 1856 diffi-

286 1908 439 2000 cultate,
466 1909 576 1982 tanta
603 1915 647 1982 ut
674 1933 787 1982 nemo
815 1916 991 1983 nostrum
1018 1910 1144 1983 adhuc
1169 1908 1252 1984 sine
1279 1909 1396 1984 inter-

286 2043 395 2133 prete
421 2037 540 2110 Indos
568 2036 713 2134 alloqui
741 2036 874 2134 possit.
931 2037 1178 2136 (Quanquam
1205 2038 1249 2112 P.
1273 2039 1396 2136 Roge-

285 2165 367 2240 rius
393 2166 576 2265 Rigbaeus
602 2167 643 2240 in
667 2167 868 2241 tantillum
894 2175 1089 2242 assecutus
1113 2174 1182 2260 est,
1201 2174 1245 2242 ut
1270 2175 1399 2266 speret

286 2320 326 2368 se
360 2294 469 2370 brevi
504 2320 616 2393 posse
650 2294 698 2368 iis
739 2297 787 2369 de
821 2297 936 2369 rebus
975 2295 1232 2370 familiaribus
1272 2320 1396 2394 agere,

285 2449 425 2522 eosque
447 2431 636 2522 quantum
658 2423 751 2497 satis
773 2431 833 2498 est
853 2426 903 2498 ad
921 2424 1170 2522 Baptismum
1189 2424 1396 2522 suscipien-

287 2558 391 2650 dum,
427 2555 618 2630 instruere
657 2555 748 2654 (85.)
787 2557 944 2630 brevem
980 2555 1084 2630 enim
1123 2555 1398 2630 catechismum

286 2685 508 2784 interpretis
532 2711 604 2784 ope
627 2686 712 2782 jam
736 2685 978 2783 composuit)
1004 2685 1076 2777 hic,
1099 2684 1270 2782 inquam,
1293 2709 1397 2781 spec·

286 2823 366 2890 tato
388 2815 532 2890 mirum
554 2813 679 2889 videri
702 2814 825 2906 debet,
845 2839 915 2887 nos
937 2813 1150 2911 quidquam
1168 2813 1273 2909 apnd
1293 2811 1399 2908 ipsos

286 2944 432 3018 efficere
455 2943 636 3041 potuisse,
656 2941 874 3040 praesertim
899 2967 987 3016 cnm
1011 2941 1133 3015 alium
1158 2965 1236 3014 non
1259 2940 1397 3014 habea·

286 3098 372 3146 rnns
394 3073 658 3170 interpretem,
683 3077 944 3170 praeterquam
963 3072 1160 3169 juvenem,
1180 3069 1246 3169 qui
1264 3095 1397 3145 eornm

286 3200 461 3298 linguam
480 3225 557 3274 non
575 3203 671 3274 adeo
689 3199 837 3298 peritus
856 3200 916 3292 sit,
936 3200 1029 3298 quin
1049 3199 1257 3298 aliquando
1274 3199 1397 3272 risum

286 3328 382 3426 ipsis
410 3336 580 3421 moveat;
619 3328 672 3402 sic
700 3335 744 3402 nt
772 3329 923 3402 animos
951 3329 1159 3427 aliquando
1188 3353 1287 3426 pene
1315 3329 1397 3402 des·

287 3459 457 3554 pondere
480 3457 713 3550 videremur,
732 3457 923 3554 patientia
943 3464 1074 3531 tamen
1099 3481 1337 3554 superamus
1360 3463 1399 3530 et

287 3584 477 3682 paulatim
504 3587 553 3659 ad
579 3584 619 3659 id
646 3587 749 3682 quod
770 3585 951 3658 volumus
978 3610 1042 3659 eos
1068 3583 1341 3682 pertrahimus.

337 3715 478 3789 Visum
509 3723 567 3790 est
601 3715 719 3790 etiam
748 3715 904 3790 Divinae
938 3715 1115 3808 bonitati,
1139 3715 1284 3790 virtute
1318 3740 1399 3789 suae

287 3841 409 3915 crucis
436 3841 623 3939 quiddam
649 3867 767 3939 snpra
794 3843 955 3916 Naturae
981 3842 1084 3916 vires
1110 3843 1267 3918 efficere.
1320 3843 1398 3917 Res

288 3971 342 4045 ita
360 3997 400 4046 se
418 3970 564 4064 habuit,
578 3972 700 4045 Indus
719 3971 878 4069 quidam
897 3998 920 4046 a
938 3972 1072 4046 Patria
1086 3972 1210 4046 dictus
1229 3973 1397 4046 Anacos-

287 4101 427 4192 tienne,
454 4100 538 4196 jam
574 4099 828 4192 Christianus
858 4103 953 4175 dum
983 4101 1058 4175 iter
1085 4127 1173 4175 cum
1208 4101 1294 4175 aliis
1329 4126 1399 4199 per

287 4231 439 4329 sylvam
463 4231 658 4327 quandam
680 4230 831 4321 faceret,
849 4230 1053 4305 comitibus
1075 4231 1279 4329 paululum
1300 4256 1397 4329 prae·

287 4358 521 4450 cedentibus,
557 4358 716 4456 quidam
757 4360 912 4434 barbari
953 4361 1059 4436 illius
1100 4362 1247 4460 populi,
1283 4388 1398 4461 quem
