3402 5360
884 503 933 579 14

348 715 504 792 varchae
538 718 667 792 audax
701 716 867 810 animus,
903 723 942 792 et
976 716 1213 793 desiderium
1256 715 1459 816 probandi,

350 867 438 940 quae
465 842 569 920 vires
595 849 733 938 essent,
761 869 874 920 novae
902 869 1020 943 quam
1047 845 1133 920 tiun
1161 845 1336 944 primum
1361 851 1458 919 trac·

348 971 468 1066 tubat,
500 972 603 1048 nevi.
636 973 737 1050 sedit
771 973 902 1069 animo
933 972 1101 1072 experiri
1136 999 1244 1049 mare
1278 975 1383 1072 quod
1416 974 1460 1046 eo

347 1100 542 1177 fatebatur
568 1125 651 1178 esse
679 1102 945 1201 periculosius,
973 1103 1049 1201 quo
1076 1102 1292 1202 angustius.

398 1227 535 1328 Neque
555 1229 772 1328 periculum
796 1230 911 1329 longe
929 1229 1084 1323 aberat3
1111 1230 1239 1306 ventis
1258 1229 1363 1306 enim
1384 1235 1459 1304 tur·

346 1357 527 1456 gentibus
546 1365 585 1435 et
607 1359 707 1436 mari
734 1365 971 1459 exasperato,
991 1359 1092 1436 circa
1118 1359 1288 1436 mediam
1307 1365 1458 1434 noctem

345 1485 479 1562 videre
496 1494 580 1564 erat
605 1490 771 1566 celocem
797 1489 932 1588 procul
950 1492 1027 1565 duo
1053 1489 1243 1564 luminae
1265 1487 1458 1564 carchesio

344 1620 652 1715 portendentem.
705 1620 804 1695 Tum
832 1619 977 1695 seilicet
1000 1626 1129 1694 actum
1148 1622 1196 1695 de
1218 1619 1289 1694 illa
1312 1645 1394 1694 esse
1420 1625 1458 1693 et

345 1746 435 1822 altis
459 1747 640 1824 haustam
658 1749 869 1826 vorticibus
894 1749 1233 1826 existimabamus:
1262 1756 1457 1825 momento

344 1873 448 1950 enim
480 1884 729 1976 conspectum
759 1879 967 1977 effugerat:
1006 1903 1131 1978 neque
1162 1877 1238 1952 nisi
1272 1885 1360 1976 post
1390 1903 1457 1952 sex

288 1999 290 2004 ’
343 2003 600 2102 Septimanca,
620 2007 703 2106 ejus
729 2006 918 2083 indicium
944 2006 1102 2105 aliquod
1129 2009 1179 2084 ed
1205 2032 1275 2083 nos
1302 2032 1454 2082 emana-

343 2131 414 2208 vit.
466 2133 606 2234 Itaque
636 2135 798 2234 periisse
827 2135 992 2210 celocem
1024 2134 1172 2210 cunctis
1203 2141 1288 2210 erat
1321 2160 1453 2233 persu-

343 2285 476 2356 asum;
514 2263 677 2340 meliora
707 2272 838 2340 tamen
869 2263 1095 2363 providerat
1126 2265 1253 2357 Deus;
1292 2265 1384 2338 natm
1414 2289 1455 2338 se

340 2389 527 2466 fluctibus
552 2371 744 2490 imparem
771 2391 953 2486 sentiens,
973 2392 1125 2466 mature
1150 2414 1338 2466 oceanum
1364 2390 1452 2466 Vir·

342 2518 505 2618 giuium,
538 2545 627 2596 cum
655 2547 731 2620 quo
756 2522 842 2620 jam
873 2546 942 2596 nos
973 2521 1230 2614 luctabamur,
1263 2519 1452 2614 devitum,

340 2649 382 2724 in
419 2649 590 2750 angliam
626 2653 677 2728 ad
710 2650 859 2726 insulas
890 2649 1070 2726 Scillinas
1100 2650 1272 2726 revertit.
1337 2651 1453 2726 Unde

341 2781 593 2879 postliminio,
626 2783 803 2859 Dracone
837 2782 986 2876 comite,
1019 2783 1067 2857 ad
1104 2781 1234 2858 sinum
1265 2808 1452 2881 magnum

341 2933 411 2984 nos
438 2912 488 2987 ad
515 2911 665 2987 insulas
692 2912 861 3006 antillas,
889 2918 934 2987 ut
958 2911 1142 3004 dicemus,
1170 2917 1228 2985 est
1256 2919 1451 3002 assecuta3

341 3039 423 3114 Deo
441 3039 504 3114 cui
528 3040 781 3117 minimorum
807 3067 900 3117 curu
931 3045 1000 3133 est,
1019 3037 1170 3138 exiguae
1197 3039 1388 3115 naviculae
1406 3043 1453 3115 de

344 3169 450 3245 Duce
476 3176 515 3246 et
540 3173 708 3266 custode,
733 3171 1004 3271 prospiciente.

391 3301 448 3376 At
470 3303 562 3377 vero
581 3327 650 3378 nos
668 3305 830 3378 eventus
848 3302 1016 3402 ignaros,
1036 3303 1145 3380 dolor
1163 3307 1201 3376 et
1219 3307 1344 3377 metus
1368 3327 1451 3400 pre·
