3328 5352
862 497 912 572 58

329 723 368 792 et
393 716 511 792 Pater
529 717 579 791 ad
605 739 754 813 aegrum
774 739 978 789 accurrens
1005 715 1108 790 inter
1129 713 1443 814 colloquendum,

328 870 379 939 se,
400 845 530 945 aliquo
556 846 670 921 modo
690 845 738 919 ab
764 844 833 919 illo
858 845 1048 943 agnitum,
1069 846 1254 921 advertit:
1283 868 1442 942 respon·

330 976 477 1051 sion'em
506 974 622 1051 etiam
653 976 933 1073 nonnunquam
963 978 1012 1050 ad
1040 977 1200 1052 brevem
1227 975 1442 1072 interroga·

328 1104 475 1180 tionem
523 1105 608 1204 (nec
651 1104 754 1180 enim
801 1105 1015 1203 longiorem
1060 1131 1278 1181 sermonem
1322 1103 1443 1179 simul

329 1237 663 1332 caperepoterat)
690 1235 739 1308 ab
771 1233 840 1307 illo
872 1233 1022 1332 accipit.
1087 1234 1285 1309 Praesente
1320 1232 1443 1330 igitur

329 1361 630 1460 opportunitate,
655 1367 700 1436 ut
725 1361 792 1460 qui
818 1364 978 1460 posthac
1005 1363 1122 1438 aliam
1151 1389 1227 1437 non
1255 1369 1441 1460 speraret,

330 1491 449 1566 Pater
477 1491 535 1566 uti
564 1490 751 1566 decrevit..
812 1491 987 1590 Ciimque
1017 1492 1138 1567 variis
1168 1491 1317 1566 vicibus
1346 1491 1442 1589 aegri

330 1644 560 1694 consensum
583 1623 642 1716 (ut
668 1619 946 1718 arbitrabatur)
969 1619 1199 1695 obtinuisset
1226 1621 1330 1717 qubd
1357 1618 1441 1693 fieri

330 1748 449 1823 vellet
480 1747 712 1840 Catholicus,
741 1750 843 1846 qubd
873 1751 920 1824 de
951 1749 1116 1846 peccatis
1149 1749 1307 1839 doleret,
1337 1748 1441 1846 qubd

331 1879 380 1952 ab
405 1877 453 1952 iis
477 1885 634 1976 cuperet
660 1877 821 1972 absolvi,
842 1879 1064 1954 absolutum
1092 1880 1115 1953 a
1140 1879 1306 1977 peccatis
1333 1901 1441 1952 sacro

331 2005 463 2081 linivit
490 2007 585 2081 oleo.
651 2006 727 2080 His
758 2007 936 2105 peractis,
964 2033 1067 2106 aeger
1094 2008 1199 2082 intra
1226 2032 1350 2081 unum
1379 2005 1442 2080 vel

331 2135 498 2210 alterum
526 2135 629 2210 diem
656 2137 868 2211 adsensus
895 2138 1061 2235 perfecte
1086 2137 1213 2212 rediit.
1267 2137 1443 2234 Cumque

330 2271 534 2362 rogaretur
564 2263 659 2362 quid
693 2263 844 2362 egisset,
878 2265 941 2338 vel
976 2265 1070 2363 quid
1106 2267 1206 2340 circa
1241 2290 1281 2340 se
1312 2273 1442 2340 actum

331 2392 543 2468 sensisset?
582 2393 785 2490 respondit
815 2400 923 2467 tanto
955 2419 1043 2468 oum
1076 2394 1219 2492 gaudio
1250 2401 1289 2469 et
1319 2393 1441 2468 animi

330 2549 446 2599 sensu
465 2548 505 2598 se
523 2523 564 2597 in
587 2523 800 2598 Ecclesiam
819 2523 1058 2600 Oatholioam
1077 2524 1292 2600 admissum
1311 2523 1440 2616 fuisse,

331 2652 435 2727 etin
462 2653 508 2726 ed
531 2654 582 2727 ad
608 2659 824 2726 extremum
852 2679 974 2755 usque
1001 2654 1184 2752 spiritum
1213 2679 1439 2752 permansu-

330 2809 431 2877 rum,
452 2790 495 2858 ut
520 2782 701 2858 omnibus
719 2783 786 2882 qui
805 2764 969 2860 aderant
985 2811 1063 2861 non
1090 2812 1255 2885 parvam
1274 2786 1440 2861 moverit

331 2910 641 2987 admirationem.
686 2911 797 2986 Idem
821 2919 955 3010 postea
981 2915 1169 3012 gaudium
1194 2914 1305 2990 Patri
1327 2916 1377 2989 ad
1401 2939 1441 2988 se

330 3039 509 3114 redeunti
541 3039 741 3137 expressit,
774 3044 993 3141 magnaque
1027 3023 1116 3118 oum
1151 3044 1234 3142 ejus
1270 3043 1471 3156 satisfac*

232 3148 234 3151 ’
331 3169 446 3261 tione,
479 3175 605 3243 cetera
635 3168 830 3265 praestitit,
858 3172 908 3245 ad
939 3169 1066 3269 operis
1097 3171 1268 3246 inchoati
1299 3173 1440 3270 perfec·

330 3297 488 3390 tionem,
533 3296 758 3372 necessaria.
842 3299 903 3373 Ex
946 3325 990 3374 eo
1033 3309 1207 3400 tempore
1250 3301 1440 3400 paulatim

332 3427 550 3519 convaluit;
583 3429 651 3502 sed
677 3427 764 3501 oiim
793 3429 977 3505 subsidiis
1003 3431 1152 3507 idoneis
1179 3433 1258 3507 fere
1284 3437 1439 3524 careret,

334 3557 477 3658 diuque
514 3556 677 3656 supinus
702 3556 860 3657 jaceret,
896 3560 1136 3638 horrendum
1170 3567 1250 3636 toto
1285 3585 1442 3659 corpore
