3402 5360
855 481 904 556 31

327 697 431 796 quod
456 721 593 773 verum
622 699 735 799 (esse)
763 705 898 797 postea
915 698 1064 798 experti
1088 724 1235 778 sumus,
1289 699 1440 773 Rumor

326 831 471 918 tamen,
491 851 638 918 vereor,
658 827 708 901 ab
727 825 855 924 anglis
874 833 1004 902 ortum
1022 826 1172 902 habuit.

378 954 474 1029 Post
500 960 584 1030 octo
613 954 676 1030 vel
709 979 848 1030 novem
879 954 1031 1031 dierum
1059 954 1270 1054 benignam
1301 961 1441 1031 tracta-

326 1085 485 1178 tionem,
513 1085 628 1161 tertio
660 1084 798 1160 Martii
826 1085 915 1161 vela
945 1085 1140 1180 facientes,
1171 1092 1210 1161 et
1239 1085 1280 1160 in
1310 1084 1440 1160 sinum

329 1215 529 1315 Oosopeak
568 1215 827 1316 (Chesapeak)
866 1215 1011 1291 invecti
1046 1241 1204 1292 cursum
1239 1218 1289 1292 ad
1333 1215 1440 1314 aqui-

327 1343 458 1420 Ionem
484 1342 724 1435 defleximus
745 1348 789 1419 ut
814 1342 935 1418 fluvio
964 1344 1188 1420 Patomecclc
1212 1343 1440 1443 potiremur.

328 1472 446 1549 Sinus
477 1473 726 1578 Ohcsopeack
760 1473 864 1548 latus
895 1477 1027 1549 decem
1059 1475 1188 1550 leucas
1223 1476 1289 1574 (30
1318 1473 1441 1549 Milli-

329 1602 412 1677 aria
430 1601 583 1702 Italica)
606 1601 758 1701 placide
775 1601 878 1677 inter
895 1602 1029 1678 littora
1046 1603 1204 1697 labitur,
1224 1605 1441 1703 profundus

329 1737 507 1830 quatuor,
537 1731 720 1832 quinque,
748 1756 816 1806 sex
841 1731 983 1832 orgyis,
1012 1731 1195 1830 piscibus,
1221 1732 1310 1807 cirm
1337 1733 1443 1807 favet

292 1927 295 1930 .
328 1885 465 1954 annuS,
501 1867 672 1935 scatens:
716 1861 989 1959 jucundiorem
1033 1863 1143 1962 aeque
1183 1862 1340 1960 lapsum
1375 1861 1442 1936 vix

329 1989 516 2066 invenies.
595 1989 707 2066 Cedit
749 1997 880 2066 tamen
923 1991 1048 2066 fluvio
1092 1993 1340 2086 Patomeack,
1381 1991 1442 2066 cui

329 2143 470 2194 nomen
500 2120 524 2194 a
553 2120 605 2194 διο
637 2119 824 2219 Gregorio
852 2119 1078 2197 indidimus.

379 2245 469 2323 Jam
493 2251 626 2347 optatrt
653 2249 766 2348 potiti
791 2249 958 2349 regione,
979 2250 1153 2348 nomina,
1172 2275 1243 2350 pro
1269 2275 1312 2326 re
1338 2252 1440 2342 natet,

330 2376 671 2453 distribuebamus.
725 2379 778 2452 Et
805 2379 962 2477 quidem
992 2379 1308 2454 Promontorium
1339 2383 1442 2479 quod

329 2514 387 2583 est
413 2509 463 2584 ad
490 2515 680 2602 austrum,
708 2509 824 2584 titulo
855 2511 893 2586 S.
920 2511 1103 2610 Gregorii
1131 2512 1442 2587 consecravimus

335 2640 453 2737 (nunc
479 2637 609 2713 Smith
634 2638 761 2740 point)
789 2639 1027 2738 aquilonare,
1046 2641 1098 2716 8⁸⁰
1117 2641 1292 2717 Michaeli
1324 2643 1442 2742 (nunc

331 2766 449 2843 Point
484 2767 677 2868 Lookout)
712 2768 753 2842 iu
786 2769 970 2845 honorem
1002 2771 1178 2846 omnium
1213 2769 1441 2870 angelorum

329 2897 595 2996 indigitantes.
665 2899 808 2997 majus,
835 2899 1098 2997 jucundiusve
1128 2900 1276 2976 flumen
1310 2901 1443 3000 aspexi

332 3030 544 3127 nunquam.
597 3029 799 3105 Thamcsis
830 3029 889 3103 illi
917 3037 1164 3128 comparatus
1196 3031 1262 3105 vix
1289 3032 1443 3106 rivulus

330 3158 457 3235 videri
474 3166 624 3260 potest:
651 3161 771 3236 nullis
789 3160 960 3236 inficitur
984 3162 1206 3260 paludibus,
1226 3166 1294 3238 sed
1319 3163 1444 3240 solida

332 3287 516 3389 utrinque
538 3297 664 3383 terra;
692 3294 1097 3389 assurguntdecentes
1119 3284 1300 3367 arborum
1321 3293 1444 3393 sylvae

333 3443 410 3494 non
442 3419 584 3495 clausae
613 3419 793 3519 vepretis,
818 3423 878 3494 vel
910 3421 1233 3496 subnascentibus
1264 3420 1442 3514 surculis
1502 3464 1505 3469 ·

333 3551 401 3625 sed
426 3551 538 3648 quasi
556 3575 677 3626 manu
703 3551 792 3624 laxa
809 3549 979 3644 consitae,
999 3557 1043 3626 ut
1069 3550 1190 3626 libere
1212 3552 1444 3651 quadrigam

333 3680 601 3758 intermedias
628 3683 784 3757 arbores
811 3682 958 3780 agitare
985 3682 1121 3781 possis.
1174 3684 1222 3758 In
1244 3683 1328 3782 ipso
1347 3684 1445 3760 ostio

333 3810 510 3886 fluminis
528 3817 697 3886 armatos
716 3811 919 3910 indigenas
938 3813 1220 3911 conspeximus
1257 3815 1318 3889 Ea
1335 3823 1445 3890 nocte

334 3943 444 4043 ignes
460 3944 553 4035 ‚tota
569 3942 725 4042 regione
744 3951 943 4036 arserunt;
971 3951 1009 4020 et
1035 3945 1219 4044 quoniam
1245 3949 1445 4045 nunquam
