3348 5346
856 491 904 562 10

324 750 391 824 dat
421 773 578 846 operam
610 747 755 846 linguae
786 753 930 820 nostrat
960 745 1185 820 ediscendae.
1239 741 1436 841 Relegatis

323 903 346 952 a
377 903 417 952 so
447 877 661 976 pellicibus
689 901 766 950 una
796 874 903 973 degit
930 881 1131 949 contentus
1163 898 1290 966 uxore,
1318 879 1362 946 ut
1391 897 1435 946 eo

323 1004 494 1098 liberius,
519 1005 587 1104 (616
606 1004 661 1079 611
678 1004 798 1102 enim)
822 1004 903 1079 Deo
922 1010 1042 1077 vaoet.
1095 1003 1150 1077 lis
1170 1004 1305 1078 diebus
1322 1026 1436 1076 earne

323 1132 502 1226 abstinet,
525 1132 665 1231 quibus
689 1131 839 1231 legibus
867 1131 1098 1205 Christianis
1122 1131 1163 1206 id
1186 1138 1342 1206 cautum
1366 1137 1434 1222 est,

323 1269 362 1336 et
382 1261 560 1336 homiues
578 1261 778 1336 haereticos
797 1287 905 1336 secus
923 1261 1116 1354 1661611166,
1136 1262 1199 1336 161
1217 1287 1261 1336 eo
1281 1260 1435 1336 nomine

323 1391 447 1466 malos
465 1391 696 1494 christianos
714 1399 843 1466 6611661
860 1392 1069 1466 habendos,
1122 1392 1305 1466 Sermone
1324 1389 1435 1488 spiri·

323 1520 420 1596 tuali
451 1523 663 1596 admodum
694 1519 922 1612 delectatur3
958 1528 997 1595 et
1024 1545 1116 1595 66116
1143 1527 1315 1595 16116666
1344 1544 1436 1617 opes

323 1675 405 1748 pree
428 1649 632 1725 celestibus
656 1649 770 1725 nihili
795 1652 932 1725 ducere
957 1650 1128 1726 videtur:
1158 1657 1202 1724 ut
1227 1649 1434 1748 aliquando

324 1781 428 1877 apud
457 1779 765 1854 Gubernatorem
794 1781 989 1877 professus
1017 1786 1086 1872 est,
1112 1805 1186 1878 quo
1215 1778 1250 1852 61
1279 1780 1434 1853 demon·

324 1913 482 2000 strante,
511 1914 657 2004 quanta
687 1910 889 1982 commoda
917 1933 964 1982 ex
995 1908 1136 2006 Anglis
1176 1908 1266 2007 (68.)
1300 1914 1436 1980 mutua

324 2035 511 2110 mercium
545 2035 830 2133 permutatione
868 2035 1015 2135 peroipi
1055 2043 1223 2134 possent,
1259 2061 1320 2110 nae
1354 2061 1434 2132 ego,

323 2163 460 2261 inquit,
479 2163 603 2237 isthoo
624 2162 736 2262 parvi
757 2163 854 2238 laeio
876 2189 958 2262 prae
979 2165 1050 2238 hoo
1069 2189 1144 2238 uno
1163 2163 1435 2252 emolumento,

323 2295 426 2391 quod
454 2293 501 2366 iis
530 2293 760 2386 auctoribus,
785 2293 826 2367 in
853 2319 986 2368 veram
1015 2293 1088 2368 Dei
1116 2295 1229 2369 unius
1257 2293 1435 2368 notitiam

324 2423 578 2521 pervenerim,
598 2449 675 2522 qua
695 2449 773 2498 non
791 2423 899 2499 aliud
920 2424 1018 2498 mihi
1040 2424 1165 2522 magis
1186 2423 1346 2498 innotis
1365 2431 1434 2516 est,

324 2559 392 2626 aut
410 2578 581 2651 unquam
599 2579 681 2627 6666
704 2553 869 2628 debebit.

373 2681 463 2755 Non
498 2681 554 2756 ita
588 2682 740 2780 pridem
776 2708 863 2756 eum
898 2681 1009 2780 regni
1043 2688 1255 2756 conventus
1291 2688 1433 2778 ageret,

322 2810 364 2885 111
390 2811 589 2909 frequente
613 2836 816 2908 procerum
843 2837 1033 2902 consessu,
1056 2810 1257 2909 plebisque
1283 2835 1435 2900 corona,

323 2939 578 3038 praesentibus
610 2940 654 3014 P.
673 2939 777 3031 Vite,
805 2947 844 3014 et
874 2939 1071 3014 nonnullis
1099 2939 1252 3037 Anglis,
1282 2937 1435 3036 publice

322 3075 485 3142 testatus
509 3074 577 3159 est,
599 3067 804 3141 eonsilium
828 3067 902 3140 sibi
926 3093 1018 3158 esse,
1044 3093 1122 3140 una
1148 3091 1235 3140 oum
1261 3066 1434 3162 conjuge,

322 3198 542 3295 liberisque,
578 3198 756 3294 abjurata
793 3195 1066 3294 superstitione
1106 3197 1244 3294 patria,
1281 3195 1434 3270 Christo

324 3354 464 3402 nomeu
496 3330 604 3419 dare;
642 3352 718 3401 non
747 3326 852 3401 enim
883 3326 991 3401 alind
1021 3325 1174 3424 uspiam
1202 3324 1336 3400 haberi
1365 3351 1434 3398 nu·

323 3482 413 3530 men
447 3480 595 3547 verum,
623 3480 741 3552 quam
772 3455 877 3551 apud
907 3453 1158 3545 Christianos,
1188 3478 1310 3558 neque
1341 3452 1434 3526 alibi

322 3584 584 3658 immortalem
618 3581 787 3656 hominis
823 3581 995 3655 animam
1029 3581 1218 3656 vindicari
1254 3582 1303 3654 ab
1337 3580 1433 3654 inte·

322 3713 401 3787 ritu
431 3738 559 3810 posse:
596 3711 745 3808 lapides
771 3737 862 3785 vero
892 3718 930 3785 et
959 3711 1110 3804 herbas,
1137 3710 1276 3808 quibus
1307 3710 1432 3784 116616-

324 3868 396 3916 nus
430 3867 500 3940 per
534 3841 675 3915 mentis
710 3841 922 3916 ooeoitatem
957 3841 1040 3938 ipso
1075 3866 1162 3914 oum
1197 3840 1245 3914 iis
1282 3839 1434 3914 divinos

322 3972 487 4045 honores
518 3970 726 4062 tribuisset,
754 3995 815 4044 res
850 3995 932 4044 esse
966 3969 1119 4043 infimas
1151 3995 1173 4043 a
1203 3968 1434 4067 praepotenti

324 4101 406 4174 Deo
441 4099 482 4173 in
518 4125 632 4173 usum
672 4099 964 4196 subsidiumque
998 4099 1181 4172 humanae
1215 4097 1307 4172 vitae
1346 4123 1432 4195 pro·

323 4235 461 4303 616616.
515 4229 599 4316 Quo
629 4228 741 4320 dioto,
763 4228 946 4325 lapidem,
974 4226 1041 4325 qui
1069 4228 1168 4302 forte
1197 4229 1246 4302 ad
1273 4252 1434 4332 manum

323 4366 415 4450 erat,
441 4359 539 4455 pede
564 4357 774 4455 protritum
800 4358 915 4458 longe
941 4356 1072 4454 abjicit
1098 4382 1121 4430 a
1146 4382 1197 4431 se.
1250 4354 1351 4430 Satis
1377 4355 1433 4427 in·
