3348 5346
840 505 865 576 6

292 760 454 835 celerius
484 760 626 858 parari,
654 767 694 835 et
721 785 870 835 sacram
906 761 1113 860 Evangelii
1141 764 1258 837 fidem
1289 762 1407 836 latius

294 916 513 990 propagare
548 898 715 990 sperent.
768 891 814 966 P.
846 891 1016 966 Joannes
1052 893 1200 968 Brocus
1235 894 1411 992 superior

294 1045 382 1094 cum
418 1021 509 1119 (63.)
542 1021 661 1094 fratre
693 1021 914 1118 coadjutore
944 1021 999 1112 in,
1016 1023 1163 1120 praedio
1198 1049 1409 1098 commora-

294 1156 369 1222 tur.
440 1148 804 1247 Metapannayensi,
844 1152 947 1247 quod
988 1151 1098 1225 nobis
1139 1178 1163 1226 a
1203 1153 1409 1251 Mequaco·

294 1303 408 1352 meno
430 1303 520 1376 rege
542 1278 754 1352 Patuxensi
776 1279 1019 1373 attributum,
1039 1283 1217 1379 quaedam
1239 1288 1297 1356 est
1317 1281 1408 1355 mis-

294 1402 413 1477 sionis
437 1403 554 1500 hujus
580 1403 678 1476 cella
703 1403 875 1501 penaria,
898 1406 1000 1479 unde
1026 1405 1210 1505 pleraque
1237 1405 1409 1480 subsidia

293 1557 499 1630 corporum
534 1531 845 1630 suppeditantur.
898 1533 942 1606 P.
979 1533 1188 1632 Philippus
1223 1533 1408 1608 Fisherus

294 1665 333 1739 in
360 1663 556 1764 praecipuo
584 1663 691 1761 degit
716 1664 876 1738 coloniae
903 1665 1058 1762 oppido,
1078 1665 1139 1739 cui
1164 1691 1186 1740 a
1212 1666 1254 1739 st
1279 1664 1408 1740 Maria

294 1819 435 1870 nomen
454 1792 636 1868 inditum.
689 1793 733 1866 P.
749 1793 775 1866 J
776 1818 920 1868 oannes
940 1793 1201 1868 Gravenerius
1219 1793 1260 1867 in
1279 1793 1408 1866 insula

293 1929 473 1997 versatur
496 1921 697 2014 Cauliana,
719 1921 810 1996 inde
834 1922 960 1996 millia
983 1948 1169 2021 passuum
1196 1923 1406 2022 sexaginta.

294 2051 338 2124 P.
357 2049 551 2124 Andraeus
569 2048 685 2123 Vitus
704 2049 858 2148 longius
884 2051 1010 2125 adhuc
1036 2052 1155 2144 abest,
1173 2051 1299 2126 millia
1319 2078 1405 2149 pas·

293 2206 407 2255 suum
442 2185 597 2254 centum
632 2185 671 2253 et
704 2179 884 2277 vinginti,
914 2179 1216 2278 Kittamaqundi
1251 2181 1405 2272 scilicet,

292 2310 490 2404 Pascatoac
511 2308 730 2406 metropoli,
750 2311 855 2406 apud
875 2309 1006 2407 ipsum
1024 2309 1097 2383 loci
1118 2310 1405 2408 imperatorem,

292 2465 407 2537 quem
442 2439 635 2536 'fayacum
671 2438 882 2535 appellant,
914 2437 955 2512 in
990 2438 1097 2536 regia
1132 2439 1348 2513 diversatus
1384 2465 1407 2512 a

292 2567 410 2643 Junio
437 2592 570 2641 11161166
597 2565 689 2640 anni
717 2569 826 2642 1639.
879 2567 1004 2641 Causa
1031 2567 1209 2641 Patrico
1236 2567 1404 2664 proficis·

291 2696 403 2772 cendi
428 2695 652 2794 hujusmodi
677 2695 763 2770 fuit.

353 2823 527 2897 Multum
562 2821 595 2896 is
626 2848 753 2921 operae
788 2830 827 2897 et
859 2825 1047 2922 temporis
1082 2825 1123 2899 in
1157 2825 1406 2900 conversione

293 2951 411 3050 Regis
453 2951 684 3025 Patuxensis
726 2960 918 3049 posuerat,
955 2979 1041 3051 quae
1082 2953 1268 3027 nimirum
1303 2953 1404 3027 votis

291 3081 471 3155 omnibus
498 3081 758 3178 expetebatur,
787 3088 871 3154 tum
898 3083 947 3155 ob
974 3082 1205 3156 memoriam
1230 3083 1404 3157 beneficii

292 3208 436 3306 accepti
459 3208 540 3307 (ille
567 3207 672 3282 enim
694 3215 738 3282 ut
764 3208 990 3304 dictumest
1015 3209 1208 3306 praedium
1232 3209 1404 3284 societati

292 3339 534 3435 donaverat),
565 3345 650 3410 tum
685 3338 788 3435 quod
823 3337 1040 3434 prudentias
1075 3337 1255 3436 opinione
1290 3345 1404 3437 atque

291 3465 517 3539 auctoritate
545 3464 760 3562 plurimum
789 3465 891 3540 inter
918 3466 1103 3540 barbaros
1132 3467 1278 3564 pollere
1308 3467 1402 3541 fere·

290 3577 420 3667 batur:
452 3594 612 3691 jamque
641 3593 707 3667 ubi
735 3593 847 3667 initia
875 3619 915 3667 66
942 3596 1138 3686 dederant,
1167 3601 1321 3692 optatus
1347 3595 1404 3668 rei

291 3723 415 3797 exitus
439 3724 591 3797 futurus
618 3723 725 3798 brevi
751 3725 989 3822 sperabatur.
1043 3725 1234 3798 Nonnulli
1260 3725 1403 3823 quippe

290 3851 392 3949 regis
416 3850 574 3925 clientes
599 3877 639 3924 se
663 3853 712 3925 ad
738 3851 935 3925 Christum
963 3859 1280 3949 aggregaverunt,
1303 3851 1401 3949 ipse·

291 4007 364 4079 que
394 3979 626 4054 rudimentis
657 3980 746 4054 fidei
777 3981 929 4054 abunde
960 3981 1160 4054 institutus
1187 3979 1401 4072 videbatur,

291 4135 379 4184 cum
414 4134 497 4182 6666
538 4108 683 4201 infelix,
720 4108 909 4205 primum.
933 4109 1228 4207 procrastinare,
1265 4109 1403 4183 deinde

291 4237 435 4312 sensim
464 4238 733 4330 defervescere,
759 4243 954 4334 postremo
984 4264 1006 4311 a
1037 4243 1213 4335 suscepto
1244 4237 1402 4311 consilio

291 4369 433 4467 palam,
469 4367 699 4464 penitusque
735 4365 944 4441 desciscere
978 4366 1106 4465 coepit.
1159 4366 1295 4465 Neque
1333 4367 1403 4440 hoc
