3348 5346
233 767 373 842 exinde
413 765 590 864 impensb
624 765 768 840 institit
808 772 851 840 ut
890 767 1083 864 extemplo
1125 765 1198 842 sibi
1238 768 1347 842 fieret

232 894 420 993 baptismi
451 893 571 991 copia.
626 893 684 968 Re
711 900 843 968 tamen
874 892 915 968 in
943 893 1113 970 consiliis
1142 893 1297 992 agitata,
1325 921 1345 970 e

232 1024 374 1121 majori
402 1023 476 1098 Dei
502 1021 627 1120 gloria
652 1023 828 1097 futurum
854 1022 1069 1115 videbatur,
1097 1023 1129 1098 si
1155 1023 1346 1122 tantisper

232 1151 274 1226 id
301 1152 526 1243 deferretur,
554 1151 648 1224 dum
675 1155 866 1248 apparatu
893 1149 1097 1248 splendido
1124 1149 1165 1224 in
1192 1175 1345 1226 summa

233 1283 466 1376 celebritate,
486 1289 600 1380 atque
622 1281 663 1355 in
687 1281 807 1356 oculis
830 1280 1079 1379 popularium
1101 1281 1237 1379 paragi
1257 1307 1343 1380 pos·

233 1419 302 1504 set,
322 1411 485 1508 conjuge
506 1409 625 1484 etiam
649 1409 856 1507 liberisque
879 1409 921 1484 in
945 1417 1097 1508 partem
1117 1417 1202 1484 tum
1226 1411 1342 1486 felici·

232 1540 325 1614 tatis
351 1546 436 1614 tum
465 1537 612 1613 laetitiae
637 1537 894 1612 venientibus

301 1669 522 1766 Imperator
555 1669 713 1742 tandem
749 1667 883 1742 multis
919 1667 1206 1742 Catholicorum
1237 1669 1343 1744 obse-

234 1797 335 1896 quiis
364 1797 559 1889 delinitus,
573 1779 621 1872 et
648 1795 799 1895 prolixa
826 1821 959 1870 eorum
985 1795 1250 1895 hospitalitate
1278 1800 1342 1872 ad·

234 1928 394 2001 modum
422 1925 643 2016 delectatne,
668 1925 803 1998 eodem
831 1924 874 1998 P.
887 1923 979 1998 Vito
1006 1923 1155 2016 comite,
1183 1926 1342 2000 domum

233 2053 453 2146 revertitur,
483 2079 557 2151 quo
594 2053 711 2127 simul
747 2077 790 2127 ac
824 2053 1012 2151 pervenit,
1045 2053 1242 2152 negotium
1278 2057 1346 2130 dat

225 2183 313 2258 suis
337 2183 530 2282 templum
557 2189 747 2281 apparent
771 2182 812 2257 in
840 2183 1091 2258 Pentecosten
1113 2184 1342 2282 proximam,

225 2319 387 2410 tempus
406 2311 550 2386 scilicet
570 2311 763 2409 baptismo
785 2311 1059 2409 praestitutum.
1091 2371 1094 2380 .
1112 2313 1160 2386 In
1179 2316 1344 2389 eundem

225 2440 339 2516 ,diem
371 2440 754 2538 Kittamaquundum
785 2439 955 2538 cogitant
986 2441 1242 2535 Gubernator,
1271 2468 1343 2517 coe·

233 2569 383 2666 teriquc
402 2569 571 2642 Coloniae
590 2567 798 2660 Primores
814 2567 1034 2642 Christiana
1048 2568 1220 2644 vidilicet
1237 2595 1345 2644 sacra

233 2705 271 2772 et
289 2699 431 2772 alteros
451 2697 628 2772 meliores
650 2697 789 2796 Tayaci
812 2697 960 2772 natales
982 2697 1190 2795 praesentia
1207 2723 1286 2791 sua,
1306 2706 1345 2773 et

233 2825 396 2924 aliisque
426 2825 715 2924 quibuscunque
746 2831 929 2923 poterunt
958 2824 1095 2918 modiS,
1123 2826 1342 2900 cohonesta-

232 2954 324 3029 turi.
390 2953 505 3028 Faxit
541 2953 730 3052 benignus
766 2953 882 3045 Deus,
913 2959 956 3027 ut
990 2953 1170 3028 omnibus
1204 2979 1249 3028 ea
1282 2980 1343 3030 res

232 3089 361 3158 vertat
383 3084 491 3176 bene,
515 3082 588 3157 sibi
613 3083 745 3181 utique
769 3081 810 3156 iu
832 3081 1008 3180 gloriam,
1029 3083 1138 3157 nobis
1164 3083 1205 3158 in
1229 3085 1342 3160 meri·

233 3218 329 3304 tum,
349 3209 455 3309 genti
482 3211 674 3286 universre
700 3211 741 3284 in
768 3211 945 3285 salutem.

288 3340 379 3440 (72.)
410 3340 486 3430 Qui
505 3340 634 3414 animo
652 3347 846 3415 terrarum
868 3342 999 3415 orbem
1018 3340 1341 3440 circumspexerit,

234 3497 426 3570 nusquam
460 3472 623 3546 fortasse
656 3470 823 3568 reperiet
856 3469 1044 3563 homines,
1072 3471 1132 3545 his
1161 3471 1271 3548 indis
1302 3474 1343 3548 in

234 3598 400 3696 speciem
429 3598 663 3696 abjectiores,
691 3597 830 3697 quibus
857 3605 989 3672 tamen
1018 3598 1159 3674 animae
1187 3609 1287 3694 sunt,
1311 3603 1343 3678 si

233 3729 379 3827 lytrum
408 3729 585 3802 attendas
613 3754 637 3802 a
665 3727 817 3802 Christo
846 3727 1097 3826 persolutum,
1120 3729 1343 3807 cultissimis
1445 3809 1447 3814 ,

234 3857 437 3956 Europaeis
468 3857 590 3932 nihilo
625 3857 794 3932 uiliores.
854 3858 902 3931 In
933 3857 1030 3932 vitia
1064 3859 1221 3957 quidem
1255 3889 1342 3960 pro·

232 3985 350 4060 olives
375 3993 476 4078 sunt,
499 3993 543 4060 ut
567 3985 608 4060 in
635 3986 754 4060 tantis
779 3986 1009 4084 ignorantiae
1032 3989 1212 4083 tenebris,
1235 3997 1344 4068 tanta

233 4113 421 4207 barbarie,
457 4119 613 4213 tamque
649 4115 773 4189 soluto
815 4122 854 4189 et
887 4141 985 4213 vago
1021 4115 1179 4192 vivendi
1215 4123 1341 4214 modo,

233 4243 338 4317 haud
368 4242 424 4316 ita
453 4243 594 4316 multa:
631 4243 775 4340 Suopte
805 4250 936 4317 tamen
964 4243 1119 4342 ingenio
1151 4252 1342 4324 mansueti

232 4378 332 4464 sunt,
359 4397 427 4446 nec
454 4371 528 4445 nisi
554 4396 641 4445 raro
669 4371 708 4444 in
738 4368 785 4446 iis
812 4371 932 4446 animi
959 4372 1215 4471 appetitiones
1242 4375 1342 4453 inso-
