3348 5346
752 532 801 603 33

214 787 328 861 cordi
357 794 415 861 est
443 793 572 861 vestro
600 787 782 860 Sanctulo
810 786 992 885 displosis
1019 786 1243 861 bombardis
1271 811 1336 884 ap·

218 916 420 1012 plaudere.
473 914 576 988 Mihi
602 940 752 1013 quoque
779 915 993 988 bombarda
1019 921 1088 1008 est,
1114 921 1153 989 et
1180 939 1250 1012 ego
1278 913 1339 988 illi

218 1044 405 1142 plausum
430 1043 540 1134 (labe,
559 1049 641 1116 tam
663 1041 803 1117 misero
829 1043 967 1117 Sancto
994 1050 1130 1141 aptum
1151 1041 1276 1140 magis
1301 1048 1340 1116 et

221 1178 511 1269 congruentem.
564 1171 651 1244 Hoc
669 1170 782 1264 diot0,
801 1171 925 1245 honor
943 1171 994 1245 sit
1011 1171 1180 1264 auribuS,
1200 1195 1339 1244 sonoro

223 1299 374 1396 crepitu
399 1297 581 1391 insonuit,
605 1305 643 1372 et
667 1298 772 1390 abiit,
795 1298 1016 1396 gregalibus
1041 1299 1124 1396 ejus
1148 1297 1340 1397 petulanti

223 1426 409 1501 cachinno
429 1425 701 1500 arridentibus.
734 1427 824 1524 (96.)
876 1427 952 1500 Sed
969 1451 1055 1500 care
1073 1426 1215 1501 misero
1234 1425 1342 1501 stetit

223 1555 348 1654 impia
369 1563 408 1629 et
433 1554 591 1630 inimica
615 1554 840 1629 scurrilitas.
893 1555 998 1629 Nam
1016 1554 1177 1629 vixdum
1200 1557 1250 1630 ad
1271 1556 1339 1629 du-

224 1693 357 1760 centos
384 1709 521 1782 passus
547 1684 637 1759 inde
661 1690 909 1782 processerat,
928 1709 1016 1758 cum
1042 1683 1148 1759 intus
1175 1709 1340 1758 commo·

224 1813 309 1887 veri
337 1811 410 1886 sibi
438 1811 587 1886 viscera
612 1812 743 1905 sensit,
767 1838 881 1910 seque
908 1814 958 1887 ad
985 1839 1176 1887 secessum
1202 1813 1340 1886 sollici-

224 1941 318 2032 tari;
346 1941 547 2015 etiterum
568 1941 689 2016 altero
711 1949 820 2016 tanto
839 1941 913 2016 viae
934 1942 1115 2035 contacte,
1135 1944 1341 2016 secandum

226 2071 286 2145 illi
316 2071 400 2164 fuit,
429 2078 612 2169 querente
643 2074 690 2146 de
720 2070 905 2145 inusitato
934 2070 1081 2144 ventris
1110 2071 1253 2163 dolore,
1280 2069 1341 2143 cui

228 2201 398 2275 similem
417 2200 458 2274 in
477 2200 583 2274 omni
601 2199 683 2274 vita
699 2200 806 2274 haud
824 2225 996 2298 unquam
1016 2207 1199 2274 senserat.
1245 2199 1341 2274 Itin-

229 2328 304 2402 eris
334 2328 541 2426 reliquum,
568 2336 734 2427 quatuor
769 2328 956 2402 nimirum
988 2328 1114 2402 millia
1144 2354 1341 2426 passuum,

230 2455 320 2529 navi
342 2455 556 2529 confectum
578 2462 652 2546 est;
680 2479 755 2552 quo
778 2454 904 2552 spatio
926 2480 1030 2528 saeva
1048 2455 1240 2528 viscerum
1266 2461 1341 2528 tor·

230 2584 336 2658 mina
361 2583 584 2682 ventrisque
612 2582 849 2681 profluvium
879 2583 1020 2681 saepius
1048 2583 1162 2658 illum
1191 2608 1342 2658 exscen-

231 2714 320 2786 dere
354 2718 571 2809 coegerunt.
623 2712 689 2786 Ad
720 2737 847 2786 arcem
878 2712 1077 2809 appulsus,
1109 2737 1191 2809 prae
1222 2711 1342 2785 nimio

232 2844 372 2934 dolore,
408 2842 475 2916 vix
509 2841 568 2920 sui
603 2867 770 2940 compos,
807 2844 922 2916 modo
958 2867 999 2916 se
1035 2841 1146 2916 humi
1181 2841 1342 2933 volutat,

232 2971 346 3045 modo
368 2970 408 3044 in
431 2995 631 3044 scamnum
658 2977 874 3045 stratumve
901 2996 941 3044 se
967 2970 1131 3068 projicit,
1150 2971 1345 3044 horrenda

231 3125 322 3174 voce
345 3126 464 3198 usque
485 3101 720 3175 exclamans:
749 3103 876 3193 arde0,
897 3103 1024 3194 ardea,
1043 3101 1265 3175 incendium
1287 3108 1345 3175 est

232 3226 271 3300 in
290 3234 435 3319 ventre,
454 3227 676 3301 incendium
700 3227 741 3301 in
766 3227 855 3300 imis
877 3227 1100 3301 visceribus.
1154 3227 1343 3302 Praesida-

232 3357 281 3430 rii
312 3357 554 3455 deploratam
585 3357 645 3430 sui
676 3357 952 3432 commilitonis
984 3365 1127 3432 sortem
1158 3357 1331 3431 miserati

232 3485 346 3559 illum
367 3487 492 3559 denuo
514 3485 662 3584 cymbae
680 3484 908 3582 impositum
932 3492 1041 3558 trans
1063 3484 1209 3559 flumen
1232 3487 1343 3559 deve·

233 3614 342 3705 hunt,
362 3615 411 3687 ad
432 3615 624 3711 quendam
647 3614 837 3686 Thomam
860 3613 1095 3686 Hebdenum
1118 3611 1345 3710 chirurgica

234 3739 427 3813 scientem.
472 3739 547 3813 Sed
564 3739 712 3812 malum
731 3738 885 3836 longius
903 3745 1152 3835 processerat,
1167 3763 1284 3836 quam
1303 3745 1346 3812 ut

235 3868 283 3941 ab
304 3875 386 3942 arte
404 3867 521 3960 liniri,
541 3870 684 3942 nedum
703 3867 825 3941 levari
847 3874 988 3964 posset.
1043 3868 1198 3941 interea
1216 3893 1263 3941 ex
1281 3892 1345 3941 ore

235 3997 377 4072 miselli
403 3998 508 4071 haud
534 3997 642 4071 aliud
667 3997 851 4090 audisses,
874 4023 991 4095 quam
1018 3997 1117 4071 illud
1145 4005 1280 4071 notum
1309 4007 1348 4071 et

235 4097 352 4201 ferale
376 4151 541 4220 carmen,
561 4128 687 4219 ardeo,
710 4129 837 4218 ardeo,
860 4125 1092 4218 incendium,
1111 4125 1345 4199 incendium.

236 4257 395 4330 Postero
424 4255 497 4348 die,
524 4255 590 4353 qui
620 4254 694 4328 fuit
721 4254 891 4352 Augusti
920 4255 1120 4346 secundus,
1148 4253 1345 4350 ingraves·

237 4392 344 4459 cente
368 4384 409 4458 in
434 4385 548 4462 horas
570 4383 806 4457 intolerabili
831 4383 974 4476 dolore,
998 4381 1088 4480 (97.)
1116 4381 1202 4478 ipsa
1225 4405 1346 4479 coepe·
