3328 5352
338 751 473 819 natum
505 752 564 821 est
600 745 721 822 ulcus.
786 747 916 835 Quare
951 772 1031 839 nos,
1068 749 1146 846 qua
1179 747 1379 847 potuimus
1414 745 1449 821 ei

338 875 553 950 necessaria
583 882 744 975 sumptu
775 884 917 971 nostro,
948 879 1258 976 procuravimus,
1291 877 1451 952 (11111111-
1489 934 1495 938 .

337 1029 508 1104 gumque
530 1004 708 1082 misimus
726 1006 793 1105 qui
813 1007 915 1082 malo
937 1009 1171 1085 mederetur.
1199 1009 1252 1083 Et
1270 1007 1451 1106 quamvis

337 1159 383 1208 ex
420 1136 548 1211 ulcere
588 1161 772 1235 magnam
814 1142 1008 1212 vermium
1045 1139 1196 1236 copiam
1233 1137 1450 1236 Chirurgus

337 1263 552 1355 abstulerit,
572 1264 705 1339 solerti
728 1271 860 1340 tamen
884 1265 967 1364 ejus
992 1265 1196 1364 diligentia
1219 1272 1258 1340 11
1282 1265 1449 1340 aliorum

338 1393 519 1491 vigilanti
545 1395 638 1468 cura
663 1401 823 1470 sanatus
849 1401 908 1470 est
931 1419 1051 1494 negem
1077 1396 1239 1494 jamque
1265 1396 1449 1470 robustus

337 1529 396 1598 111
436 1523 618 1616 famulus,
654 1549 783 1618 1111111,
820 1523 877 1600 uti
921 1523 1151 1600 confidimus
1186 1525 1270 1599 tinn
1306 1525 1449 1618 anime,

338 1652 423 1726 tbm
452 1676 622 1752 corpore.

387 1779 514 1878 Alius,
547 1807 687 1879 genere
718 1782 860 1857 nobilis
897 1785 941 1857 eb
975 1781 1229 1880 paupertatis
1262 1783 1451 1858 effrenata

337 1913 407 1986 sua
428 1911 595 2006 lieentia,
615 1914 825 2010 perductus
843 1920 938 2002 erat,
958 1919 1001 1988 ut
1018 1938 1059 1988 se
1077 1912 1117 1987 in
1140 1914 1240 1988 hanc
1257 1913 1449 1988 coloniam

337 2040 571 2138 manciparit
606 2039 684 2135 ubi,
717 2065 787 2139 per
822 2065 944 2116 unum
979 2067 1025 2117 ex
1061 2042 1215 2117 Nostris
1248 2045 1299 2118 ad
1333 2044 1449 2118 fidem

336 2176 482 2244 rectam
501 2177 540 2244 et
564 2170 717 2269 frugem
743 2170 886 2245 bonam
913 2179 1127 2264 revocatus,
1146 2169 1260 2246 anxie
1284 2196 1448 2270 semper,

338 2298 433 2371 niun
477 2297 583 2372 viam
626 2323 802 2374 securam
846 2304 947 2374 esset
989 2298 1187 2395 ingressus
1232 2299 1450 2375 dubitabat.

338 2426 514 2525 Cumque
547 2453 588 2502 se
623 2427 833 2526 aliquando
878 2428 977 2503 mari
1018 2427 1059 2503 in
1103 2428 1285 2504 navicula
1327 2432 1451 2528 parva

337 2553 604 2648 commisisset,
624 2553 803 2629 horribili
827 2554 1022 2630 exoriente
1046 2560 1276 2654 tempestate
1293 2556 1450 2654 qualem

337 2682 421 2781 ipse
455 2683 522 2782 qui
563 2682 666 2758 inter
700 2682 968 2782 navigandum
1008 2685 1227 2782 frequentes
1267 2691 1450 2783 expertus

337 2814 474 2907 fuerat,
503 2815 704 2912 nunquam
734 2813 908 2907 vidisset,
930 2813 1091 2913 jamque
1118 2820 1267 2888 certum
1294 2815 1449 2890 naufra-

337 2943 446 3041 gium
474 2943 672 3020 videretur
697 2942 913 3036 imminere,
933 2943 1060 3019 Deum
1087 2943 1242 3041 rogavit
1269 2944 1451 3018 ardenter

338 3079 392 3165 ut,
411 3072 452 3146 in
472 3079 661 3171 susceptae
685 3085 811 3171 nuper
834 3073 915 3148 111
938 3072 1029 3148 fidei
1052 3073 1397 3167 confirmationem,
1417 3073 1450 3148 si

338 3202 497 3300 quidem
523 3226 679 3276 cavera
704 3201 814 3294 foret,
834 3206 1075 3276 averteretur
1101 3225 1274 3299 praesens
1299 3200 1449 3299 pericu·

338 3332 434 3407 lum.
478 3330 647 3406 Audiuit
665 3331 771 3406 Deus
790 3335 976 3422 orantem,
996 3339 1035 3405 et
1056 3329 1133 3404 alib
1154 3331 1268 3406 versa
1289 3335 1452 3428 tempes-

337 3470 429 3554 tate,
461 3461 717 3537 fluctuantem
753 3459 836 3557 ejus
867 3458 1057 3533 animum·
1077 3458 1293 3558 tranquilla
1322 3457 1452 3557 quiete

338 3589 522 3664 firmavit.
573 3589 694 3665 Haud
721 3587 777 3662 ita
807 3586 932 3661 multo
962 3593 1051 3685 post
1080 3586 1193 3684 gravi
1223 3586 1359 3661 morbo
1389 3586 1452 3660 vir

339 3719 407 3794 ille
442 3722 630 3794 deductus
674 3720 724 3794 ad
760 3723 943 3810 1111111111,
980 3714 1234 3790 sacramentis
1269 3714 1451 3790 omnibus
