3328 5352
344 653 517 729 maximat
559 677 647 728 cum
693 651 893 750 patientie,
930 651 1154 727 humilitate
1198 675 1241 725 ao
1283 650 1457 724 fervente

343 781 532 859 charitate
566 781 795 876 exantlatos,
832 781 967 856 morbo
1001 781 1087 856 tum
1122 786 1326 880 grassante
1360 778 1457 854 forte

344 919 544 1011 correptus
580 911 766 988 miseram
810 911 910 986 hanc
945 909 1068 986 vitam
1113 936 1202 986 cum
1245 908 1459 985 immortali

344 1040 508 1117 feliciter
531 1039 756 1116 coffiutavit.

396 1170 521 1260 Quem
547 1169 666 1246 etiam
693 1193 794 1244 unus
821 1193 867 1244 ex
897 1169 1093 1264 Patribus,
1117 1168 1277 1268 juvenis
1301 1167 1460 1268 quidem

344 1301 412 1375 sed
439 1301 488 1374 ob
515 1305 747 1398 praestantes
774 1298 895 1374 animi
922 1302 1042 1393 dotes,
1070 1324 1226 1398 magnae
1251 1299 1369 1398 plane
1396 1322 1460 1372 ex·

345 1425 586 1526 portationis,
622 1427 884 1525 subsequutus
919 1433 988 1502 est.
1055 1427 1134 1502 Vix
1169 1428 1266 1502 duos
1307 1449 1459 1500 menses

345 1556 387 1630 iu
413 1555 485 1631 hac
512 1554 695 1630 missione
720 1562 973 1655 transegerat,
993 1557 1093 1650 crim,
1116 1555 1315 1632 communi
1342 1555 1459 1653 hujus

346 1684 517 1762 Ooloniae
534 1685 779 1784 aegritudine,
797 1687 820 1760 ri
837 1688 915 1785 quat
932 1686 1052 1761 trium
1071 1687 1311 1785 reliquorum
1330 1686 1457 1760 Sacer·

346 1817 482 1892 dotum
517 1815 651 1891 nullus
687 1814 894 1891 incolumis
928 1817 1064 1910 evasit,
1100 1841 1243 1915 magno
1282 1813 1457 1890 omnium

346 1945 479 2020 doloro
507 1943 720 2020 exstinctus
749 1951 828 2020 est:
867 1969 945 2020 non
974 1945 1197 2021 destitimus
1225 1951 1358 2021 tamen
1389 1968 1458 2043 pro

347 2071 465 2166 virili,
493 2097 650 2171 operam
680 2072 721 2147 in
749 2072 947 2171 proximos
975 2072 1250 2171 impenderem)

399 2201 450 2275 Et
494 2200 675 2299 quamvis
719 2202 893 2276 nondum
928 2200 1031 2276 inter
1073 2201 1259 2276 barbaros
1303 2224 1459 2276 manere
1533 2187 1536 2198 ’

348 2329 460 2404 nobis
488 2354 558 2427 per
588 2329 706 2427 hujus
735 2329 905 2404 Coloniae
934 2329 1196 2404 moderatores
1223 2328 1347 2422 licuit,
1375 2329 1458 2404 tum

348 2464 508 2557 propter
549 2457 830 2534 invalescentes
873 2457 1137 2557 aegritudines,
1173 2459 1258 2534 tirm
1302 2465 1460 2557 propter

349 2593 457 2662 actus
492 2586 653 2662 hostiles
688 2612 784 2686 quos
819 2586 977 2662 barbari
1012 2587 1053 2662 iu
1088 2587 1241 2686 Anglos
1272 2594 1459 2677 exercent,

350 2741 427 2792 uno
462 2742 509 2792 ex
552 2716 624 2792 hac
658 2716 829 2810 Ooloniri,
867 2716 934 2816 qui
977 2717 1080 2793 inter
1113 2717 1202 2793 illos
1241 2716 1461 2793 commercii

349 2846 476 2945 gratita
519 2846 749 2922 versabatur
790 2845 1037 2945 interempto,
1082 2855 1121 2922 et
1163 2845 1297 2924 contra
1338 2854 1460 2923 totam

349 2980 503 3074 gentem
523 2975 790 3073 conjuratione
807 3000 959 3074 quoque
977 2977 1091 3070 facta,
1110 3001 1314 3075 speramus
1331 2983 1461 3052 tamen

350 3104 461 3180 brevi
492 3130 615 3180 unum
647 3131 694 3181 ex
725 3106 868 3180 nostris
899 3106 1002 3181 inter
1035 3107 1221 3182 barbaros
1253 3106 1460 3182 stationem

351 3234 665 3333 impetraturum.
734 3236 891 3311 Intereat
920 3235 1120 3335 temporis,
1151 3237 1279 3336 anglis
1313 3236 1460 3335 impen-

352 3363 433 3440 siirs
468 3389 673 3440 vacamus:
709 3365 874 3464 uimque
908 3365 948 3440 in
985 3364 1146 3440 Colonia
1175 3366 1257 3441 taim
1292 3364 1459 3440 Protest·

354 3501 463 3569 antes
493 3494 611 3593 quaim
642 3492 831 3569 Catholici
860 3493 949 3587 sint,
980 3493 1155 3594 utrisque
1185 3493 1460 3586 laboravimus,

355 3628 394 3698 et
428 3623 533 3697 Deus
568 3623 767 3699 laboribus
802 3621 1010 3698 benedixit.
