3402 5360
852 568 902 642 29

370 781 444 858 Die
471 781 649 882 proximo
675 782 921 858 illucescente
947 781 1112 858 alteram
1139 781 1349 858 Caraibum
1375 780 1433 856 in·

319 909 495 986 sularum
543 909 758 1009 attigimus,
802 936 920 1009 quam
963 934 1192 1010 asperorum
1240 909 1434 985 montium

318 1037 546 1133 similitudo,
570 1039 795 1138 Hispanicia
821 1039 1067 1139 Gaudalupae
1092 1039 1183 1115 fecit
1207 1063 1432 1138 cognomen,

318 1175 463 1268 estque,
500 1168 558 1245 uti
599 1170 761 1264 confido,
798 1170 871 1246 sub
905 1169 1031 1246 tutele
1064 1169 1239 1268 ejusdem
1282 1169 1321 1244 S.
1352 1169 1434 1243 Sm-

318 1283 503 1398 Virginis
541 1297 856 1374 Matris-Inde
901 1298 1189 1374 Monserratem
1233 1294 1432 1372 tenuimus

317 1425 419 1501 circa
452 1424 656 1501 meridiem
691 1424 770 1520 ubi,
803 1450 851 1502 ex
880 1425 1010 1502 lembo
1045 1424 1208 1518 Gallico,
1239 1423 1430 1500 intellexi·

318 1579 418 1649 mua,
454 1555 629 1630 nondum
664 1580 734 1631 nos
769 1555 818 1630 ab
857 1554 1129 1654 Hispanorum
1164 1553 1286 1635 classe
1325 1559 1431 1628 tutos

317 1707 412 1758 esse.
466 1683 600 1758 Habet
625 1683 871 1760 Monserrate
897 1683 1045 1759 incolas
1074 1683 1272 1760 Hibernos
1296 1681 1430 1781 pulsos
1561 1695 1567 1703 “

207 1915 216 1922 1
316 1811 366 1887 ab
384 1811 511 1910 anglis
525 1810 718 1910 Virginiae
736 1813 784 1888 ob
802 1813 893 1889 fidei
911 1811 1120 1888 Catholicae
1138 1810 1429 1911 professionem.

317 1940 417 2015 Turn
444 1943 494 2016 ad
520 1940 713 2017 Maevium
737 1942 935 2042 pestilenti
962 1967 1050 2018 aere
1068 1948 1107 2017 et
1133 1939 1307 2016 febribus
1331 1938 1428 2014 infa·

316 2069 548 2145 men-Uno
566 2070 630 2147 die
647 2086 859 2172 assumpto,
878 2073 967 2150 vela
984 2071 1146 2148 fecimus
1164 2073 1215 2146 ad
1232 2069 1279 2145 8¹¹
1298 2067 1428 2146 Ohris-

315 2198 480 2296 tophori‚
500 2199 567 2275 ubi
586 2202 717 2276 decern
734 2201 815 2277 dies
833 2201 1098 2296 substetimus‚
1118 2202 1141 2276 a
1159 2201 1429 2276 Gubernatore

315 2328 458 2427 Anglo,
494 2335 533 2404 et
576 2329 808 2428 Gapataneis
853 2333 1015 2426 duobus,
1052 2328 1261 2406 Catholicis
1306 2327 1457 2419 amice,

314 2455 493 2550 invitati3
538 2458 672 2533 mein
711 2459 851 2558 primis
881 2460 1048 2560 benigne
1079 2458 1227 2558 accepit
1257 2456 1428 2533 Coloniae

316 2584 478 2660 Gallicae
508 2585 549 2660 in
579 2588 715 2662 eadem
742 2587 872 2664 insula
899 2588 1152 2690 Praepositus.

364 2715 614 2815 Quaecunque
640 2720 746 2814 apud
775 2718 1000 2796 Barbadoes
1025 2745 1116 2795 rara
1142 2718 1336 2810 visuntur,
1364 2717 1427 2792 hic

212 2881 215 2886 ·
313 2833 600 2942 etiam'reperi,
629 2851 669 2920 et
698 2849 888 2943 praeterea
915 2872 992 2924 non
1024 2847 1162 2947 procul
1193 2847 1216 2921 a
1246 2842 1426 2920 Praefecti

313 2974 403 3049 sede
447 2974 613 3048 montem
655 2975 907 3075 Sublureum.
978 2979 1031 3053 Et
1073 2979 1178 3078 quod
1220 2973 1426 3050 admireris

314 3103 449 3201 magis,
472 3105 648 3179 Plautum
671 3105 852 3204 Virginem
878 3107 932 3183 sic
955 3108 1110 3202 dictam,
1129 3108 1233 3206 quod
1262 3103 1426 3179 minimo

313 3232 427 3332 digiti
461 3239 650 3327 contactu,
686 3236 889 3316 confestim
924 3244 1114 3313 marescat
1151 3243 1190 3311 et
1224 3233 1423 3308 concidat:

312 3366 535 3463 quanquam
555 3366 646 3440 datet
672 3367 792 3458 morat,
811 3367 1048 3444 reviviscens
1066 3367 1210 3443 iterium
1232 3369 1424 3462 assurgat.

314 3493 469 3570 Placuit
496 3494 594 3569 mihi
624 3493 664 3569 in
694 3495 833 3594 primis
865 3499 1025 3574 Locusta
1054 3499 1173 3589 arbor,
1193 3518 1311 3594 quam
1342 3517 1424 3566 sus·

312 3623 413 3722 picio
446 3632 504 3700 est
534 3625 747 3722 praebui-sse
775 3626 923 3703 victum
955 3629 1006 3704 8¹⁰
1035 3626 1179 3704 Joanni
1210 3622 1426 3723 Baptistae3
