3328 5352
809 463 860 538 48

279 681 429 771 eantur,
465 677 557 777 quia
590 677 752 778 plurimi
787 679 916 778 potiris
948 681 1182 781 voluptates,
1213 685 1389 780 honores,

279 827 371 902 opes
407 808 475 880 21:
513 804 625 904 quasi
660 808 887 881 adamantes
919 810 1052 905 (quam
1088 809 1234 902 Christi
1271 809 1392 886 :1:(Ql

278 932 455 1008 Gloriam
484 936 682 1030 ademerit)
709 934 858 1010 occulta
884 937 1054 1033 quadam
1081 937 1134 1031 vi,
1159 963 1227 1013 seu
1255 939 1390 1036 apertat

278 1060 404 1160 magis
422 1066 490 1159 (et)
509 1061 700 1162 singulari
722 1061 907 1138 Numinis
925 1064 1135 1161 prudentia
1155 1067 1387 1159 factumest,

278 1196 322 1266 ut
349 1189 420 1265 hoc
449 1216 571 1266 unum
598 1215 707 1290 opuS,
735 1189 866 1266 omnia
893 1191 1097 1268 hominum
1126 1193 1388 1287 incitamenta,

277 1317 408 1393 omnia
426 1317 583 1416 (omnis)
601 1317 754 1418 generis
776 1318 1039 1396 emolumenta
1057 1321 1388 1420 complecteretur.
1482 1327 1485 1332 '

327 1447 376 1522 In
402 1448 574 1524 confesso
599 1455 658 1524 est
683 1447 802 1522 situm
828 1447 998 1547 regionis
1024 1449 1218 1548 optimum
1244 1475 1326 1526 esse
1345 1475 1388 1524 ac

275 1569 645 1670 commodissimum,
665 1577 810 1676 quippe
828 1603 915 1677 quar
934 1579 983 1654 ad
1002 1580 1051 1654 38
1069 1579 1132 1655 vel
1153 1581 1204 1656 40
1220 1580 1387 1678 gradum

275 1705 501 1804 porrigitur,
532 1705 611 1780 situ
647 1704 732 1798 loci,
765 1705 935 1804 Hispali,
969 1706 1122 1800 Siciliae,
1155 1707 1387 1801 Jerusalem,

275 1840 314 1910 et
339 1833 497 1932 optimis
515 1832 674 1908 Arabiae
701 1832 823 1908 felicis
849 1833 976 1932 plagis
998 1840 1037 1910 et
1062 1835 1189 1910 elimae
1207 1836 1386 1933 (climati)

275 1965 382 2044 haud
407 1963 610 2040 absimilis.
664 1965 745 2068 Abr
771 1989 930 2040 serenus
949 1991 992 2041 ac
1019 1965 1137 2060 mitis,
1157 1991 1226 2042 nec
1253 1968 1384 2043 ardor-

274 2095 362 2170 ibus
391 2093 572 2187 Floridae,
601 2093 664 2168 vel
694 2092 865 2192 antiquae
893 2093 1085 2192 Virginios
1111 2094 1286 2188 infestus,
1316 2120 1385 2170 nec

273 2223 398 2298 Novae
442 2221 584 2322 anglise
634 2220 845 2320 frigoribus
888 2229 1058 2317 exustus,
1102 2225 1171 2298 scd
1214 2223 1385 2300 mediam

273 2354 484 2451 quamdam
502 2351 604 2426 inter
622 2357 827 2448 utramque
844 2351 1073 2449 temperiem
1091 2352 1259 2429 obtinet:
1288 2353 1383 2430 utri·

273 2510 396 2585 usque
422 2483 568 2559 fruitur
596 2481 709 2558 bonis
736 2507 779 2557 ac
807 2482 913 2556 mala
943 2481 1076 2558 nescit.
1128 2484 1193 2558 Ab
1224 2483 1382 2579 oriente,

272 2640 412 2691 oceano
440 2614 624 2706 alluitur;
660 2614 709 2688 ab
737 2612 936 2706 occidenti,
965 2612 1117 2690 infinito
1147 2615 1269 2713 prope
1295 2640 1382 2690 con·

272 2745 412 2822 tinenti
438 2745 597 2843 objacet,
616 2742 683 2843 qui
709 2742 750 2816 in
769 2768 877 2818 mare
902 2742 1095 2820 Chinense
1121 2745 1381 2842 protenditur.

272 2875 360 2950 Duo
391 2873 575 2949 aestuaria
609 2873 702 2948 sane
732 2897 895 2970 magna:
936 2873 1120 2972 utrinque
1150 2873 1272 2969 sinus,
1304 2874 1381 2973 pis·

270 3003 373 3079 cium
416 3000 719 3093 foecundissimi3
764 3001 930 3076 alterum
974 3001 1036 3077 cui
1080 3027 1221 3078 nomen
1256 3003 1383 3079 Ches-

270 3133 393 3230 peack
420 3133 532 3224 13110
557 3131 751 3205 Passuum
777 3130 913 3222 latum,
942 3129 1120 3230 binisque
1146 3131 1381 3209 interfusum

272 3260 511 3360 Regionibus
537 3262 586 3335 ab
613 3266 756 3352 austro,
781 3265 936 3334 centum
964 3267 1002 3335 et
1028 3260 1230 3360 sexaginta
1256 3261 1382 3337 millia

270 3418 468 3493 passuum,
488 3393 529 3468 in
547 3391 769 3492 aquilonem
788 3389 978 3466 volvitur:
1007 3417 1240 3491 magnarum
1259 3417 1381 3491 capax

269 3524 442 3617 navium,
470 3523 679 3598 discretum
707 3519 838 3613 variis,
858 3520 1001 3619 amplis
1027 3547 1071 3596 ac
1097 3522 1295 3620 pascuosis
1320 3521 1378 3596 in·

269 3653 377 3746 sulis,
396 3652 437 3727 in
456 3651 598 3751 quibus
622 3649 788 3749 piscium
811 3674 907 3747 quos
926 3649 1088 3750 larqosffl)
1107 3657 1257 3745 vocant,
1276 3649 1378 3749 copi-

269 3808 336 3858 osa
361 3780 536 3880 piscatio.

677 3955 818 4020 (1⁶)Alosa,
831 3956 849 4007 i.
864 3973 885 4008 c.
899 3956 972 4007 Shad
