3402 5360
802 525 915 627 ,41

333 740 444 816 aiunt
470 740 651 834 breviter,
672 747 740 816 aut-
757 747 917 839 negant3
945 747 984 816 et
1009 741 1200 840 propositi
1227 748 1321 818 sunt
1344 748 1448 818 tena-

332 869 488 946 cissimi.
523 869 579 944 Hi
597 871 778 969 profecto,
798 869 831 944 si
849 870 969 946 semel
988 871 1195 969 praeceptis
1214 869 1448 947 Christianis

333 997 580 1073 imbuantur:
607 1005 645 1073 et
662 997 821 1097 quidem
840 997 939 1072 nihil
958 999 1112 1074 obstare
1129 999 1287 1076 videtur
1304 1005 1448 1099 proeter

332 1128 479 1228 linguoe
508 1128 570 1204 his
604 1127 828 1228 regionibus
865 1126 1019 1202 usitetee
1055 1129 1258 1222 defectum,
1286 1127 1446 1203 virtutis

332 1257 665 1356 humanitatisque
699 1257 865 1331 cultores
900 1255 1047 1355 egregii
1083 1258 1261 1332 evadent.
1340 1255 1446 1332 Miro

332 1386 515 1463 tenentur
542 1386 733 1463 desiderio
764 1385 890 1460 civilis
921 1384 1226 1461 conversationis
1257 1386 1444 1484 Europae·

333 1541 522 1616 urumque
539 1517 870 1592 indumentorum.
911 1515 1079 1614 Jamque
1097 1515 1250 1614 pridem
1269 1516 1444 1590 vestibus

332 1645 497 1720 fuissent
518 1645 589 1738 usi,
609 1644 650 1719 ni
672 1644 837 1719 avaritia
860 1651 1121 1720 mercatorum
1146 1643 1360 1720 obstitisset
1378 1643 1446 1742 qui

331 1799 481 1875 pannos
516 1774 592 1848 nisi
623 1780 770 1849 castore
806 1799 883 1848 non
919 1780 1172 1849 commutant.
1242 1775 1443 1849 Castorem
1509 1829 1518 1840 .

332 1907 423 1982 vero
465 1904 732 2004 unusquisque
771 1904 907 1979 venari
951 1929 1027 1979 non
1071 1911 1209 2003 potest.
1254 1903 1357 1980 absit
1399 1911 1444 1980 ut

332 2037 472 2111 horum
499 2033 706 2109 avaritiam
732 2031 948 2108 imitemur!
1027 2060 1029 2065 ·

381 2163 586 2240 Idiomatis
603 2161 795 2262 ignoratio
813 2162 905 2237 feeit
931 2169 985 2255 ut,
1005 2162 1100 2262 quid
1126 2164 1241 2262 porro
1260 2165 1308 2238 de
1336 2163 1441 2238 Reli-

330 2291 444 2390 gione
477 2289 657 2383 sentiant,
699 2289 873 2366 nondum
916 2295 1074 2364 constet.
1153 2289 1441 2388 Interpretibus

330 2419 643 2498 Protestantibus
669 2418 800 2492 minus
826 2418 999 2494 fidimus:
1027 2419 1110 2493 heeo
1132 2419 1290 2516 (solum)
1317 2444 1442 2517 pauca

329 2551 474 2651 raptim
500 2550 719 2626 didicimus.
773 2549 910 2625 Unum
937 2549 1064 2625 Deum
1092 2548 1186 2624 Oeeli
1213 2555 1440 2648 agnoscunt,

330 2707 445 2782 quem
473 2683 601 2757 Deum
620 2674 797 2757 nostrum
815 2687 976 2772 vocant3
1005 2679 1158 2754 nullum
1185 2685 1317 2754 tamen
1336 2685 1440 2753 exte·

329 2836 417 2886 rum
449 2811 634 2885 honorem
665 2809 725 2884 illi
756 2809 950 2885 exhibent.
1021 2807 1138 2882 Omni
1168 2810 1260 2883 vert
1290 2808 1441 2883 ratione

328 2940 485 3040 placare
501 2947 691 3016 conantur
707 2939 998 3038 phantasticum
1016 2939 1225 3036 quemdam
1243 2937 1439 3036 spiritum,

329 3093 446 3166 quem
467 3069 579 3144 Oodro
596 3067 811 3160 nominent,
831 3074 875 3142 ut
896 3091 944 3141 ne
962 3071 1113 3157 noceet3
1141 3066 1383 3141 frumentum
1402 3073 1441 3142 et

329 3196 472 3295 ignem,
500 3204 545 3272 ut
570 3197 697 3292 audio,
724 3197 867 3290 uolunt,
896 3202 940 3272 ut
971 3196 1072 3270 Deos
1103 3195 1274 3270 humano
1304 3195 1440 3294 generi

329 3325 427 3401 mire
452 3328 653 3403 beneficos,
705 3327 820 3400 Heno
838 3323 1088 3401 cerimoniam
1115 3323 1314 3423 quideme
1341 3325 1380 3399 N
1382 3350 1439 3400 os·

328 3455 400 3530 tris
418 3454 457 3530 in
485 3457 632 3555 templo
659 3458 888 3532 Barohueem
908 3453 1052 3529 vidisse
1072 3477 1113 3527 se
1140 3459 1312 3528 narrant.
1366 3453 1441 3528 Die
