<?xml version="1.0" encoding="UTF-8"?>
<!DOCTYPE html PUBLIC "-//W3C//DTD XHTML 1.0 Transitional//EN"
    "http://www.w3.org/TR/xhtml1/DTD/xhtml1-transitional.dtd">
<html xmlns="http://www.w3.org/1999/xhtml" xml:lang="en" lang="en">
 <head>
  <title>
</title>
<meta http-equiv="Content-Type" content="text/html;charset=utf-8" />
  <meta name='ocr-system' content='tesseract 3.04.00' />
  <meta name='ocr-capabilities' content='ocr_page ocr_carea ocr_par ocr_line ocrx_word'/>
</head>
<body>
  <div class='ocr_page' id='page_1' title='image "./relatioitineris00dalrgoog/relatioitineris00dalrgoog_0219.png"; bbox 0 0 3348 5346; ppageno 0'>
   <div class='ocr_carea' id='block_1_1' title="bbox 788 521 835 592">
    <p class='ocr_par' dir='ltr' id='par_1_1' title="bbox 788 521 835 592">
     <span class='ocr_line' id='line_1_1' title="bbox 788 521 835 592; baseline 0.021 -1"><span class='ocrx_word' id='word_1_1' title='bbox 788 521 835 592; x_wconf 83' lang='lat'>31</span> 
     </span>
    </p>
   </div>
   <div class='ocr_carea' id='block_1_2' title="bbox 249 769 1429 4340">
    <p class='ocr_par' dir='ltr' id='par_1_2' title="bbox 251 769 1370 1618">
     <span class='ocr_line' id='line_1_2' title="bbox 252 769 1368 870; baseline 0.011 -29"><span class='ocrx_word' id='word_1_2' title='bbox 252 791 296 840; x_wconf 88' lang='lat' dir='ltr'>sa</span> <span class='ocrx_word' id='word_1_3' title='bbox 325 774 365 842; x_wconf 88' lang='lat' dir='ltr'>et</span> <span class='ocrx_word' id='word_1_4' title='bbox 391 775 504 844; x_wconf 84' lang='lat' dir='ltr'>vasta</span> <span class='ocrx_word' id='word_1_5' title='bbox 529 769 694 846; x_wconf 89' lang='lat' dir='ltr'>flumina</span> <span class='ocrx_word' id='word_1_6' title='bbox 724 774 910 850; x_wconf 79' lang='lat' dir='ltr'><strong>alteruter</strong></span> <span class='ocrx_word' id='word_1_7' title='bbox 940 801 1085 870; x_wconf 90' lang='lat' dir='ltr'>eorum,</span> <span class='ocrx_word' id='word_1_8' title='bbox 1111 778 1215 852; x_wconf 89' lang='lat' dir='ltr'>solus</span> <span class='ocrx_word' id='word_1_9' title='bbox 1244 786 1282 852; x_wconf 88' lang='lat' dir='ltr'>et</span> <span class='ocrx_word' id='word_1_10' title='bbox 1312 778 1368 852; x_wconf 94' lang='lat' dir='ltr'>in·</span> 
     </span>
     <span class='ocr_line' id='line_1_3' title="bbox 251 895 1370 1000; baseline 0.012 -33"><span class='ocrx_word' id='word_1_11' title='bbox 251 895 471 990; x_wconf 86' lang='lat' dir='ltr'>comitatus,</span> <span class='ocrx_word' id='word_1_12' title='bbox 491 897 704 998; x_wconf 82' lang='lat' dir='ltr'>longinqua</span> <span class='ocrx_word' id='word_1_13' title='bbox 728 901 883 1000; x_wconf 83' lang='lat' dir='ltr'>navigio</span> <span class='ocrx_word' id='word_1_14' title='bbox 906 903 1065 979; x_wconf 88' lang='lat' dir='ltr'>metitur</span> <span class='ocrx_word' id='word_1_15' title='bbox 1092 930 1134 978; x_wconf 86' lang='lat' dir='ltr'>ac</span> <span class='ocrx_word' id='word_1_16' title='bbox 1157 905 1370 980; x_wconf 81' lang='lat' dir='ltr'><strong>remittitur</strong></span> 
     </span>
     <span class='ocr_line' id='line_1_4' title="bbox 252 1023 1368 1132; baseline 0.013 -36"><span class='ocrx_word' id='word_1_17' title='bbox 252 1023 391 1120; x_wconf 85' lang='lat' dir='ltr'>spatia,</span> <span class='ocrx_word' id='word_1_18' title='bbox 421 1051 498 1100; x_wconf 91' lang='lat' dir='ltr'>non</span> <span class='ocrx_word' id='word_1_19' title='bbox 528 1027 604 1102; x_wconf 87' lang='lat' dir='ltr'>alio</span> <span class='ocrx_word' id='word_1_20' title='bbox 635 1051 790 1104; x_wconf 91' lang='lat' dir='ltr'>cursum</span> <span class='ocrx_word' id='word_1_21' title='bbox 825 1039 981 1129; x_wconf 84' lang='lat' dir='ltr'>regente</span> <span class='ocrx_word' id='word_1_22' title='bbox 1012 1033 1050 1106; x_wconf 90' lang='lat' dir='ltr'>N</span> <span class='ocrx_word' id='word_1_23' title='bbox 1053 1035 1217 1109; x_wconf 83' lang='lat' dir='ltr'>avarcha</span> <span class='ocrx_word' id='word_1_24' title='bbox 1251 1061 1368 1132; x_wconf 87' lang='lat' dir='ltr'>quam</span> 
     </span>
     <span class='ocr_line' id='line_1_5' title="bbox 255 1153 1365 1238; baseline 0.01 -11"><span class='ocrx_word' id='word_1_25' title='bbox 255 1153 402 1230; x_wconf 89' lang='lat' dir='ltr'>Divina</span> <span class='ocrx_word' id='word_1_26' title='bbox 438 1156 702 1236; x_wconf 87' lang='lat' dir='ltr'>Providentia.</span> <span class='ocrx_word' id='word_1_27' title='bbox 755 1161 845 1234; x_wconf 86' lang='lat' dir='ltr'>Jarn</span> <span class='ocrx_word' id='word_1_28' title='bbox 881 1169 920 1236; x_wconf 90' lang='lat' dir='ltr'>et</span> <span class='ocrx_word' id='word_1_29' title='bbox 949 1162 1071 1236; x_wconf 87' lang='lat' dir='ltr'>hostis</span> <span class='ocrx_word' id='word_1_30' title='bbox 1106 1163 1207 1238; x_wconf 88' lang='lat' dir='ltr'>absit</span> <span class='ocrx_word' id='word_1_31' title='bbox 1241 1171 1280 1238; x_wconf 90' lang='lat' dir='ltr'>et</span> <span class='ocrx_word' id='word_1_32' title='bbox 1309 1163 1365 1238; x_wconf 91' lang='lat' dir='ltr'>illi</span> 
     </span>
     <span class='ocr_line' id='line_1_6' title="bbox 254 1281 1366 1390; baseline 0.011 -35"><span class='ocrx_word' id='word_1_33' title='bbox 254 1283 547 1383; x_wconf 88' lang='lat' dir='ltr'>Marylandiam</span> <span class='ocrx_word' id='word_1_34' title='bbox 565 1281 805 1386; x_wconf 67' lang='lat' dir='ltr'>&#39;remigrent</span> <span class='ocrx_word' id='word_1_35' title='bbox 833 1316 918 1387; x_wconf 83' lang='lat' dir='ltr'>quae</span> <span class='ocrx_word' id='word_1_36' title='bbox 944 1317 967 1365; x_wconf 89' lang='lat' dir='ltr'>a</span> <span class='ocrx_word' id='word_1_37' title='bbox 994 1291 1074 1366; x_wconf 89' lang='lat' dir='ltr'>suis</span> <span class='ocrx_word' id='word_1_38' title='bbox 1101 1292 1253 1390; x_wconf 83' lang='lat' dir='ltr'>pridem</span> <span class='ocrx_word' id='word_1_39' title='bbox 1282 1318 1366 1390; x_wconf 93' lang='lat' dir='ltr'>per·</span> 
     </span>
     <span class='ocr_line' id='line_1_7' title="bbox 253 1411 1366 1514; baseline 0.008 -28"><span class='ocrx_word' id='word_1_40' title='bbox 253 1411 357 1508; x_wconf 88' lang='lat' dir='ltr'>pessi</span> <span class='ocrx_word' id='word_1_41' title='bbox 391 1420 492 1506; x_wconf 90' lang='lat' dir='ltr'>sunt,</span> <span class='ocrx_word' id='word_1_42' title='bbox 529 1422 568 1490; x_wconf 92' lang='lat' dir='ltr'>et</span> <span class='ocrx_word' id='word_1_43' title='bbox 601 1442 687 1514; x_wconf 74' lang='lat' dir='ltr'>quen</span> <span class='ocrx_word' id='word_1_44' title='bbox 722 1418 847 1494; x_wconf 89' lang='lat' dir='ltr'>adhuc</span> <span class='ocrx_word' id='word_1_45' title='bbox 881 1419 1098 1512; x_wconf 87' lang='lat' dir='ltr'>imminent,</span> <span class='ocrx_word' id='word_1_46' title='bbox 1130 1446 1207 1494; x_wconf 91' lang='lat' dir='ltr'>non</span> <span class='ocrx_word' id='word_1_47' title='bbox 1242 1422 1366 1495; x_wconf 87' lang='lat' dir='ltr'>multo</span> 
     </span>
     <span class='ocr_line' id='line_1_8' title="bbox 254 1541 644 1618; baseline 0.018 -8"><span class='ocrx_word' id='word_1_48' title='bbox 254 1545 346 1612; x_wconf 88' lang='lat' dir='ltr'>sunt</span> <span class='ocrx_word' id='word_1_49' title='bbox 370 1541 644 1618; x_wconf 78' lang='lat' dir='ltr'>tolerabiliora.</span> 
     </span>
    </p>

    <p class='ocr_par' dir='ltr' id='par_1_3' title="bbox 249 1669 1429 3440">
     <span class='ocr_line' id='line_1_9' title="bbox 289 1669 1368 1774; baseline 0.007 -32"><span class='ocrx_word' id='word_1_50' title='bbox 289 1670 354 1756; x_wconf 61' lang='grc' dir='ltr'>ιΑ.</span> <span class='ocrx_word' id='word_1_51' title='bbox 374 1669 422 1745; x_wconf 87' lang='lat' dir='ltr'>D.</span> <span class='ocrx_word' id='word_1_52' title='bbox 443 1673 551 1747; x_wconf 83' lang='lat'>1669.</span> <span class='ocrx_word' id='word_1_53' title='bbox 604 1673 834 1750; x_wconf 88' lang='lat' dir='ltr'>Missionem</span> <span class='ocrx_word' id='word_1_54' title='bbox 857 1675 1167 1774; x_wconf 80' lang='lat' dir='ltr'>Marylandicam</span> <span class='ocrx_word' id='word_1_55' title='bbox 1190 1676 1368 1751; x_wconf 83' lang='lat' dir='ltr'>excolunt</span> 
     </span>
     <span class='ocr_line' id='line_1_10' title="bbox 254 1798 1368 1896; baseline 0.006 -25"><span class='ocrx_word' id='word_1_56' title='bbox 254 1798 437 1874; x_wconf 70' lang='lat' dir='ltr'>anostra</span> <span class='ocrx_word' id='word_1_57' title='bbox 461 1804 676 1878; x_wconf 78' lang='lat' dir='ltr'>sacerdotes</span> <span class='ocrx_word' id='word_1_58' title='bbox 698 1805 785 1896; x_wconf 85' lang='lat' dir='ltr'>duo,</span> <span class='ocrx_word' id='word_1_59' title='bbox 804 1803 942 1879; x_wconf 85' lang='lat' dir='ltr'>tertius</span> <span class='ocrx_word' id='word_1_60' title='bbox 960 1803 1000 1878; x_wconf 94' lang='lat' dir='ltr'>in</span> <span class='ocrx_word' id='word_1_61' title='bbox 1019 1811 1116 1878; x_wconf 82' lang='lat' dir='ltr'>aestu</span> <span class='ocrx_word' id='word_1_62' title='bbox 1133 1804 1310 1880; x_wconf 88' lang='lat' dir='ltr'>laborum</span> <span class='ocrx_word' id='word_1_63' title='bbox 1329 1812 1368 1879; x_wconf 88' lang='lat' dir='ltr'>et</span> 
     </span>
     <span class='ocr_line' id='line_1_11' title="bbox 255 1927 1365 2029; baseline 0.005 -29"><span class='ocrx_word' id='word_1_64' title='bbox 255 1927 390 2002; x_wconf 88' lang='lat' dir='ltr'>messis</span> <span class='ocrx_word' id='word_1_65' title='bbox 426 1928 470 2004; x_wconf 92' lang='lat' dir='ltr'>P.</span> <span class='ocrx_word' id='word_1_66' title='bbox 500 1929 639 2004; x_wconf 88' lang='lat' dir='ltr'>Petrus</span> <span class='ocrx_word' id='word_1_67' title='bbox 669 1931 908 2024; x_wconf 82' lang='lat' dir='ltr'>Mannarius,</span> <span class='ocrx_word' id='word_1_68' title='bbox 940 1930 1152 2029; x_wconf 88' lang='lat' dir='ltr'>improviso</span> <span class='ocrx_word' id='word_1_69' title='bbox 1187 1956 1207 2005; x_wconf 92' lang='lat' dir='ltr'>e</span> <span class='ocrx_word' id='word_1_70' title='bbox 1238 1931 1365 2005; x_wconf 90' lang='lat' dir='ltr'>medio</span> 
     </span>
     <span class='ocr_line' id='line_1_12' title="bbox 256 2056 1366 2159; baseline 0.005 -31"><span class='ocrx_word' id='word_1_71' title='bbox 256 2056 430 2134; x_wconf 84' lang='lat' dir='ltr'>sublatus</span> <span class='ocrx_word' id='word_1_72' title='bbox 466 2064 534 2151; x_wconf 89' lang='lat' dir='ltr'>est,</span> <span class='ocrx_word' id='word_1_73' title='bbox 571 2085 647 2136; x_wconf 91' lang='lat' dir='ltr'>non</span> <span class='ocrx_word' id='word_1_74' title='bbox 683 2059 825 2135; x_wconf 87' lang='lat' dir='ltr'>minori</span> <span class='ocrx_word' id='word_1_75' title='bbox 860 2059 1074 2136; x_wconf 89' lang='lat' dir='ltr'>incolarum</span> <span class='ocrx_word' id='word_1_76' title='bbox 1109 2061 1215 2135; x_wconf 87' lang='lat' dir='ltr'>luctu</span> <span class='ocrx_word' id='word_1_77' title='bbox 1249 2086 1366 2159; x_wconf 88' lang='lat' dir='ltr'>quam</span> 
     </span>
     <span class='ocr_line' id='line_1_13' title="bbox 249 2183 1365 2287; baseline 0.005 -29"><span class='ocrx_word' id='word_1_78' title='bbox 249 2183 411 2280; x_wconf 89' lang='lat' dir='ltr'>jactura,</span> <span class='ocrx_word' id='word_1_79' title='bbox 433 2192 518 2264; x_wconf 88' lang='lat' dir='ltr'>tum</span> <span class='ocrx_word' id='word_1_80' title='bbox 547 2187 638 2286; x_wconf 89' lang='lat' dir='ltr'>quia</span> <span class='ocrx_word' id='word_1_81' title='bbox 664 2188 832 2286; x_wconf 85' lang='lat' dir='ltr'>regionis</span> <span class='ocrx_word' id='word_1_82' title='bbox 863 2189 1050 2287; x_wconf 81' lang='lat' dir='ltr'>temperie</span> <span class='ocrx_word' id='word_1_83' title='bbox 1071 2189 1156 2287; x_wconf 88' lang='lat' dir='ltr'>jam</span> <span class='ocrx_word' id='word_1_84' title='bbox 1184 2189 1365 2265; x_wconf 83' lang='lat' dir='ltr'>sexennio</span> 
     </span>
     <span class='ocr_line' id='line_1_14' title="bbox 255 2316 1364 2417; baseline 0.005 -28"><span class='ocrx_word' id='word_1_85' title='bbox 255 2316 479 2409; x_wconf 88' lang='lat' dir='ltr'>occaluerat,</span> <span class='ocrx_word' id='word_1_86' title='bbox 507 2323 591 2390; x_wconf 89' lang='lat' dir='ltr'>tum</span> <span class='ocrx_word' id='word_1_87' title='bbox 620 2317 682 2392; x_wconf 90' lang='lat' dir='ltr'>vel</span> <span class='ocrx_word' id='word_1_88' title='bbox 711 2317 890 2411; x_wconf 78' lang='lat' dir='ltr'>maxime,</span> <span class='ocrx_word' id='word_1_89' title='bbox 917 2319 1008 2417; x_wconf 92' lang='lat' dir='ltr'>quia</span> <span class='ocrx_word' id='word_1_90' title='bbox 1038 2318 1211 2394; x_wconf 79' lang='lat' dir='ltr'>vireret</span> <span class='ocrx_word' id='word_1_91' title='bbox 1240 2318 1364 2417; x_wconf 89' lang='lat' dir='ltr'>Apos-</span> 
     </span>
     <span class='ocr_line' id='line_1_15' title="bbox 254 2444 1364 2545; baseline 0.002 -27"><span class='ocrx_word' id='word_1_92' title='bbox 254 2444 368 2518; x_wconf 87' lang='lat' dir='ltr'>tolico</span> <span class='ocrx_word' id='word_1_93' title='bbox 397 2444 539 2542; x_wconf 88' lang='lat' dir='ltr'>spiritu</span> <span class='ocrx_word' id='word_1_94' title='bbox 568 2446 718 2542; x_wconf 91' lang='lat' dir='ltr'>plenus,</span> <span class='ocrx_word' id='word_1_95' title='bbox 745 2446 887 2544; x_wconf 88' lang='lat' dir='ltr'>quique</span> <span class='ocrx_word' id='word_1_96' title='bbox 918 2473 1060 2545; x_wconf 84' lang='lat' dir='ltr'>magna</span> <span class='ocrx_word' id='word_1_97' title='bbox 1088 2447 1364 2538; x_wconf 84' lang='lat' dir='ltr'>meditabatur3</span> 
     </span>
     <span class='ocr_line' id='line_1_16' title="bbox 254 2573 1365 2673; baseline 0.003 -27"><span class='ocrx_word' id='word_1_98' title='bbox 254 2573 362 2671; x_wconf 91' lang='lat' dir='ltr'>cujus</span> <span class='ocrx_word' id='word_1_99' title='bbox 384 2573 547 2648; x_wconf 83' lang='lat' dir='ltr'>virtutes</span> <span class='ocrx_word' id='word_1_100' title='bbox 571 2599 658 2647; x_wconf 89' lang='lat' dir='ltr'>cum</span> <span class='ocrx_word' id='word_1_101' title='bbox 681 2574 765 2671; x_wconf 87' lang='lat' dir='ltr'>jam</span> <span class='ocrx_word' id='word_1_102' title='bbox 789 2574 830 2648; x_wconf 91' lang='lat' dir='ltr'>in</span> <span class='ocrx_word' id='word_1_103' title='bbox 857 2575 1026 2673; x_wconf 84' lang='lat' dir='ltr'>elogium</span> <span class='ocrx_word' id='word_1_104' title='bbox 1050 2575 1285 2651; x_wconf 85' lang='lat' dir='ltr'>mittendum</span> <span class='ocrx_word' id='word_1_105' title='bbox 1310 2576 1365 2650; x_wconf 93' lang='lat' dir='ltr'>di·</span> 
     </span>
     <span class='ocr_line' id='line_1_17' title="bbox 253 2703 1365 2802; baseline 0 -24"><span class='ocrx_word' id='word_1_106' title='bbox 253 2711 372 2800; x_wconf 75' lang='lat' dir='ltr'>gestae</span> <span class='ocrx_word' id='word_1_107' title='bbox 391 2703 479 2796; x_wconf 85' lang='lat' dir='ltr'>sint,</span> <span class='ocrx_word' id='word_1_108' title='bbox 499 2703 676 2801; x_wconf 91' lang='lat' dir='ltr'>pluribus</span> <span class='ocrx_word' id='word_1_109' title='bbox 698 2704 760 2778; x_wconf 89' lang='lat' dir='ltr'>hic</span> <span class='ocrx_word' id='word_1_110' title='bbox 781 2706 1023 2802; x_wconf 88' lang='lat' dir='ltr'>supersedeo.</span> <span class='ocrx_word' id='word_1_111' title='bbox 1076 2705 1142 2779; x_wconf 88' lang='lat' dir='ltr'>Ad</span> <span class='ocrx_word' id='word_1_112' title='bbox 1158 2704 1365 2779; x_wconf 87' lang='lat' dir='ltr'>resarcien-</span> 
     </span>
     <span class='ocr_line' id='line_1_18' title="bbox 255 2829 1365 2928; baseline 0.001 -24"><span class='ocrx_word' id='word_1_113' title='bbox 255 2831 349 2904; x_wconf 91' lang='lat' dir='ltr'>dum</span> <span class='ocrx_word' id='word_1_114' title='bbox 374 2830 446 2904; x_wconf 92' lang='lat' dir='ltr'>hoc</span> <span class='ocrx_word' id='word_1_115' title='bbox 473 2832 660 2904; x_wconf 89' lang='lat' dir='ltr'>damnum</span> <span class='ocrx_word' id='word_1_116' title='bbox 686 2829 795 2904; x_wconf 88' lang='lat' dir='ltr'>missi</span> <span class='ocrx_word' id='word_1_117' title='bbox 820 2855 944 2928; x_wconf 88' lang='lat' dir='ltr'>nuper</span> <span class='ocrx_word' id='word_1_118' title='bbox 968 2837 1059 2905; x_wconf 87' lang='lat' dir='ltr'>sunt</span> <span class='ocrx_word' id='word_1_119' title='bbox 1083 2831 1155 2904; x_wconf 90' lang='lat' dir='ltr'>hoc</span> <span class='ocrx_word' id='word_1_120' title='bbox 1179 2837 1365 2905; x_wconf 89' lang='lat' dir='ltr'>autumno</span> 
     </span>
     <span class='ocr_line' id='line_1_19' title="bbox 255 2957 1429 3059; baseline 0.003 -28"><span class='ocrx_word' id='word_1_121' title='bbox 255 2957 322 3031; x_wconf 91' lang='lat' dir='ltr'>alii</span> <span class='ocrx_word' id='word_1_122' title='bbox 344 2959 560 3033; x_wconf 87' lang='lat' dir='ltr'>sacerdotes</span> <span class='ocrx_word' id='word_1_123' title='bbox 582 2959 656 3032; x_wconf 92' lang='lat' dir='ltr'>duc</span> <span class='ocrx_word' id='word_1_124' title='bbox 679 2983 766 3032; x_wconf 89' lang='lat' dir='ltr'>cum</span> <span class='ocrx_word' id='word_1_125' title='bbox 788 2959 1008 3056; x_wconf 82' lang='lat' dir='ltr'>coadjutore</span> <span class='ocrx_word' id='word_1_126' title='bbox 1029 2958 1247 3055; x_wconf 89' lang='lat' dir='ltr'>temporali,</span> <span class='ocrx_word' id='word_1_127' title='bbox 1271 2961 1362 3059; x_wconf 82' lang='lat'>(94.)</span> <span class='ocrx_word' id='word_1_128' title='bbox 1423 2977 1429 2992; x_wconf 89' lang='lat'>&#39;</span> 
     </span>
     <span class='ocr_line' id='line_1_20' title="bbox 254 3085 1365 3184; baseline 0.002 -24"><span class='ocrx_word' id='word_1_129' title='bbox 254 3085 320 3184; x_wconf 90' lang='lat' dir='ltr'>qui</span> <span class='ocrx_word' id='word_1_130' title='bbox 349 3086 498 3160; x_wconf 91' lang='lat' dir='ltr'>duobus</span> <span class='ocrx_word' id='word_1_131' title='bbox 526 3085 580 3160; x_wconf 91' lang='lat' dir='ltr'>ibi</span> <span class='ocrx_word' id='word_1_132' title='bbox 608 3087 943 3184; x_wconf 66' lang='lat' dir='ltr'>praeexistentibus</span> <span class='ocrx_word' id='word_1_133' title='bbox 972 3088 1247 3182; x_wconf 85' lang='lat' dir='ltr'>annumeratis,</span> <span class='ocrx_word' id='word_1_134' title='bbox 1270 3089 1365 3163; x_wconf 86' lang='lat' dir='ltr'>Mis·</span> 
     </span>
     <span class='ocr_line' id='line_1_21' title="bbox 254 3213 1365 3313; baseline 0.004 -27"><span class='ocrx_word' id='word_1_135' title='bbox 254 3213 310 3287; x_wconf 92' lang='lat' dir='ltr'>sio</span> <span class='ocrx_word' id='word_1_136' title='bbox 329 3213 398 3287; x_wconf 88' lang='lat' dir='ltr'>illa</span> <span class='ocrx_word' id='word_1_137' title='bbox 419 3213 610 3289; x_wconf 85' lang='lat' dir='ltr'>constabit</span> <span class='ocrx_word' id='word_1_138' title='bbox 627 3217 716 3289; x_wconf 83' lang='lat' dir='ltr'>ex4</span> <span class='ocrx_word' id='word_1_139' title='bbox 736 3215 998 3290; x_wconf 88' lang='lat' dir='ltr'>sacerdotibus</span> <span class='ocrx_word' id='word_1_140' title='bbox 1020 3222 1059 3290; x_wconf 90' lang='lat' dir='ltr'>et</span> <span class='ocrx_word' id='word_1_141' title='bbox 1079 3216 1365 3313; x_wconf 85' lang='lat' dir='ltr'>coadjutoribus</span> 
     </span>
     <span class='ocr_line' id='line_1_22' title="bbox 253 3341 695 3440; baseline 0.002 -24"><span class='ocrx_word' id='word_1_142' title='bbox 253 3341 533 3440; x_wconf 86' lang='lat' dir='ltr'>temporalibus</span> <span class='ocrx_word' id='word_1_143' title='bbox 559 3342 695 3417; x_wconf 90' lang='lat' dir='ltr'>tribus.</span> 
     </span>
    </p>

    <p class='ocr_par' dir='ltr' id='par_1_4' title="bbox 254 3470 1364 4340">
     <span class='ocr_line' id='line_1_23' title="bbox 304 3470 1363 3559; baseline 0 -15"><span class='ocrx_word' id='word_1_144' title='bbox 304 3471 352 3544; x_wconf 87' lang='lat' dir='ltr'>A.</span> <span class='ocrx_word' id='word_1_145' title='bbox 373 3471 421 3544; x_wconf 86' lang='lat' dir='ltr'>D.</span> <span class='ocrx_word' id='word_1_146' title='bbox 441 3470 549 3546; x_wconf 82' lang='lat'>1670.</span> <span class='ocrx_word' id='word_1_147' title='bbox 603 3471 650 3544; x_wconf 94' lang='lat' dir='ltr'>In</span> <span class='ocrx_word' id='word_1_148' title='bbox 673 3472 746 3559; x_wconf 88' lang='lat' dir='ltr'>hac</span> <span class='ocrx_word' id='word_1_149' title='bbox 767 3471 950 3545; x_wconf 88' lang='lat' dir='ltr'>missione</span> <span class='ocrx_word' id='word_1_150' title='bbox 974 3478 1053 3545; x_wconf 91' lang='lat' dir='ltr'>tres</span> <span class='ocrx_word' id='word_1_151' title='bbox 1077 3477 1168 3544; x_wconf 89' lang='lat' dir='ltr'>sunt</span> <span class='ocrx_word' id='word_1_152' title='bbox 1191 3473 1363 3546; x_wconf 89' lang='lat' dir='ltr'>sacerdo·</span> 
     </span>
     <span class='ocr_line' id='line_1_24' title="bbox 254 3598 1363 3697; baseline 0 -23"><span class='ocrx_word' id='word_1_153' title='bbox 254 3605 311 3674; x_wconf 87' lang='lat' dir='ltr'>tes</span> <span class='ocrx_word' id='word_1_154' title='bbox 346 3606 384 3672; x_wconf 92' lang='lat' dir='ltr'>et</span> <span class='ocrx_word' id='word_1_155' title='bbox 417 3598 580 3673; x_wconf 87' lang='lat' dir='ltr'>totidem</span> <span class='ocrx_word' id='word_1_156' title='bbox 615 3601 810 3697; x_wconf 87' lang='lat' dir='ltr'>adjutores</span> <span class='ocrx_word' id='word_1_157' title='bbox 845 3600 1090 3697; x_wconf 89' lang='lat' dir='ltr'>temporales.</span> <span class='ocrx_word' id='word_1_158' title='bbox 1144 3600 1231 3674; x_wconf 92' lang='lat' dir='ltr'>Hoc</span> <span class='ocrx_word' id='word_1_159' title='bbox 1262 3626 1363 3674; x_wconf 90' lang='lat' dir='ltr'>anno</span> 
     </span>
     <span class='ocr_line' id='line_1_25' title="bbox 254 3725 1364 3824; baseline 0 -24"><span class='ocrx_word' id='word_1_160' title='bbox 254 3725 505 3800; x_wconf 88' lang='lat' dir='ltr'>memorabile</span> <span class='ocrx_word' id='word_1_161' title='bbox 531 3725 716 3824; x_wconf 87' lang='lat' dir='ltr'>quiddam</span> <span class='ocrx_word' id='word_1_162' title='bbox 746 3726 972 3823; x_wconf 87' lang='lat' dir='ltr'>accepimus,</span> <span class='ocrx_word' id='word_1_163' title='bbox 999 3728 1102 3824; x_wconf 91' lang='lat' dir='ltr'>quod</span> <span class='ocrx_word' id='word_1_164' title='bbox 1132 3727 1204 3802; x_wconf 87' lang='lat' dir='ltr'>etsi</span> <span class='ocrx_word' id='word_1_165' title='bbox 1230 3727 1364 3801; x_wconf 88' lang='lat' dir='ltr'>multis</span> 
     </span>
     <span class='ocr_line' id='line_1_26' title="bbox 254 3853 1363 3951; baseline 0.001 -23"><span class='ocrx_word' id='word_1_166' title='bbox 254 3853 394 3928; x_wconf 89' lang='lat' dir='ltr'>abhinc</span> <span class='ocrx_word' id='word_1_167' title='bbox 415 3853 527 3928; x_wconf 90' lang='lat' dir='ltr'>annis</span> <span class='ocrx_word' id='word_1_168' title='bbox 551 3853 695 3928; x_wconf 89' lang='lat' dir='ltr'>ibidem</span> <span class='ocrx_word' id='word_1_169' title='bbox 720 3853 934 3951; x_wconf 83' lang='lat' dir='ltr'>eontigerit,</span> <span class='ocrx_word' id='word_1_170' title='bbox 953 3861 992 3929; x_wconf 92' lang='lat' dir='ltr'>et</span> <span class='ocrx_word' id='word_1_171' title='bbox 1011 3854 1223 3930; x_wconf 88' lang='lat' dir='ltr'>verisimile</span> <span class='ocrx_word' id='word_1_172' title='bbox 1247 3855 1298 3929; x_wconf 91' lang='lat' dir='ltr'>sit</span> <span class='ocrx_word' id='word_1_173' title='bbox 1323 3855 1363 3929; x_wconf 91' lang='lat' dir='ltr'>in</span> 
     </span>
     <span class='ocr_line' id='line_1_27' title="bbox 254 3982 1363 4082; baseline 0 -24"><span class='ocrx_word' id='word_1_174' title='bbox 254 3985 428 4059; x_wconf 87' lang='lat' dir='ltr'>Annales</span> <span class='ocrx_word' id='word_1_175' title='bbox 464 3990 614 4058; x_wconf 90' lang='lat' dir='ltr'>nostros</span> <span class='ocrx_word' id='word_1_176' title='bbox 655 3982 899 4082; x_wconf 89' lang='lat' dir='ltr'>superiorum</span> <span class='ocrx_word' id='word_1_177' title='bbox 934 3991 1155 4081; x_wconf 89' lang='lat' dir='ltr'>temporum</span> <span class='ocrx_word' id='word_1_178' title='bbox 1196 3985 1363 4059; x_wconf 90' lang='lat' dir='ltr'>relatum</span> 
     </span>
     <span class='ocr_line' id='line_1_28' title="bbox 254 4112 1363 4211; baseline -0.001 -23"><span class='ocrx_word' id='word_1_179' title='bbox 254 4139 346 4206; x_wconf 89' lang='lat' dir='ltr'>esse,</span> <span class='ocrx_word' id='word_1_180' title='bbox 366 4112 456 4211; x_wconf 85' lang='lat' dir='ltr'>quia</span> <span class='ocrx_word' id='word_1_181' title='bbox 482 4119 612 4186; x_wconf 88' lang='lat' dir='ltr'>tamen</span> <span class='ocrx_word' id='word_1_182' title='bbox 637 4113 708 4186; x_wconf 92' lang='lat' dir='ltr'>hoc</span> <span class='ocrx_word' id='word_1_183' title='bbox 734 4112 818 4210; x_wconf 91' lang='lat' dir='ltr'>ipso</span> <span class='ocrx_word' id='word_1_184' title='bbox 843 4138 943 4187; x_wconf 88' lang='lat' dir='ltr'>anno</span> <span class='ocrx_word' id='word_1_185' title='bbox 969 4139 992 4187; x_wconf 88' lang='lat' dir='ltr'>a</span> <span class='ocrx_word' id='word_1_186' title='bbox 1015 4113 1157 4187; x_wconf 91' lang='lat' dir='ltr'>nostris</span> <span class='ocrx_word' id='word_1_187' title='bbox 1181 4114 1255 4188; x_wconf 89' lang='lat' dir='ltr'>huc</span> <span class='ocrx_word' id='word_1_188' title='bbox 1278 4139 1363 4211; x_wconf 89' lang='lat' dir='ltr'>per-</span> 
     </span>
     <span class='ocr_line' id='line_1_29' title="bbox 254 4240 1363 4340; baseline -0.001 -23"><span class='ocrx_word' id='word_1_189' title='bbox 254 4250 428 4340; x_wconf 89' lang='lat' dir='ltr'>spectum</span> <span class='ocrx_word' id='word_1_190' title='bbox 463 4248 531 4334; x_wconf 87' lang='lat' dir='ltr'>est,</span> <span class='ocrx_word' id='word_1_191' title='bbox 559 4240 677 4315; x_wconf 88' lang='lat' dir='ltr'>etiam</span> <span class='ocrx_word' id='word_1_192' title='bbox 712 4241 931 4316; x_wconf 88' lang='lat' dir='ltr'>authentico</span> <span class='ocrx_word' id='word_1_193' title='bbox 966 4241 1187 4316; x_wconf 88' lang='lat' dir='ltr'>testimonio</span> <span class='ocrx_word' id='word_1_194' title='bbox 1223 4243 1363 4316; x_wconf 85' lang='lat' dir='ltr'>oculati</span> 
     </span>
    </p>
   </div>
   <div class='ocr_carea' id='block_1_3' title="bbox 252 4373 1364 4472">
    <p class='ocr_par' dir='ltr' id='par_1_5' title="bbox 252 4373 1364 4472">
     <span class='ocr_line' id='line_1_30' title="bbox 252 4373 1364 4472; baseline -0.002 -22"><span class='ocrx_word' id='word_1_195' title='bbox 252 4375 363 4450; x_wconf 90' lang='lat' dir='ltr'>testis</span> <span class='ocrx_word' id='word_1_196' title='bbox 384 4383 423 4450; x_wconf 88' lang='lat' dir='ltr'>et</span> <span class='ocrx_word' id='word_1_197' title='bbox 444 4373 585 4449; x_wconf 90' lang='lat' dir='ltr'>notarii</span> <span class='ocrx_word' id='word_1_198' title='bbox 607 4374 752 4472; x_wconf 90' lang='lat' dir='ltr'>publici</span> <span class='ocrx_word' id='word_1_199' title='bbox 773 4376 1054 4467; x_wconf 89' lang='lat' dir='ltr'>confirmatum,</span> <span class='ocrx_word' id='word_1_200' title='bbox 1073 4373 1202 4448; x_wconf 85' lang='lat' dir='ltr'>visum</span> <span class='ocrx_word' id='word_1_201' title='bbox 1223 4381 1282 4450; x_wconf 91' lang='lat' dir='ltr'>est</span> <span class='ocrx_word' id='word_1_202' title='bbox 1302 4375 1364 4449; x_wconf 89' lang='lat' dir='ltr'>hic</span> 
     </span>
    </p>
   </div>
   <div class='ocr_carea' id='block_1_4' title="bbox 0 0 1678 5346">
    <p class='ocr_par' dir='ltr' id='par_1_6' title="bbox 0 0 1678 5346">
     <span class='ocr_line' id='line_1_31' title="bbox 0 0 1678 5346; baseline 0 0"><span class='ocrx_word' id='word_1_203' title='bbox 0 0 1678 5346; x_wconf 95' lang='lat' dir='ltr'> </span> 
     </span>
    </p>
   </div>
  </div>
 </body>
</html>
