3348 5346
751 479 797 555 17

217 739 345 838 pretio
376 740 615 814 frumentum
646 738 889 827 venderetur,
917 759 1051 810 eorum
1080 741 1213 809 tamen
1244 733 1330 808 sub-

217 869 350 944 levare
377 867 550 966 inopiam
578 891 698 964 panes
730 864 875 939 eisdem
906 863 1236 939 subministrando
1268 886 1331 936 ne·

218 1024 323 1073 cesse
346 997 538 1073 duximus.
592 997 676 1070 Has
698 995 801 1070 inter
826 996 916 1095 (76.)
942 1021 1053 1072 curas
1074 995 1192 1070 simul
1214 993 1332 1068 etiam

217 1127 335 1201 rebus
352 1125 548 1200 missionis
566 1123 808 1199 stabiliendis
822 1123 962 1199 intenti
980 1124 1168 1221 majorem
1181 1121 1333 1221 hyemis

219 1263 373 1354 partem
400 1253 608 1352 exegimus.
662 1253 821 1328 Decimo
847 1252 982 1352 quinto
1010 1252 1213 1328 Februarii
1239 1253 1332 1326 Pas·

220 1391 368 1459 catoem
404 1383 638 1482 appulimus,
667 1407 744 1457 non
780 1382 863 1457 sine
893 1382 1107 1458 incolarum
1138 1381 1334 1481 praecipua

221 1514 390 1610 quadam
417 1511 676 1610 gratulatione
702 1518 742 1587 et
767 1511 919 1610 gaudi0‚
942 1511 1008 1610 qui
1035 1537 1127 1586 sane
1151 1511 1335 1585 videntur

221 1644 272 1716 ad
302 1639 564 1739 recipiendam
595 1641 712 1714 fidem
744 1639 1006 1714 Christianam
1033 1641 1131 1715 bene
1159 1640 1334 1714 animati.

223 1770 343 1844 Haud
378 1769 433 1844 ita
467 1769 620 1868 pridem
665 1769 749 1844 Rex
789 1775 1015 1867 septennem
1057 1769 1179 1844 filiam
1217 1795 1334 1868 quam

222 1898 334 1974 unice
362 1898 499 1997 deligit
530 1900 579 1973 ad
614 1900 661 1973 St
679 1899 819 1974 Mariae
850 1898 951 1972 inter
985 1899 1136 1997 Anglos
1172 1900 1334 1973 educan-

223 2032 315 2103 dam
351 2029 477 2103 duxit:
515 2035 640 2127 atque,
669 2028 735 2103 ubi
761 2024 972 2102 Christiani
1003 2027 1189 2128 mysteria
1215 2029 1336 2126 probe

222 2159 448 2257 perceperit,
494 2183 601 2233 sacro
652 2157 898 2256 baptismatis
943 2159 1048 2232 fonte
1095 2157 1335 2256 tingendam.

224 2287 476 2361 Consiliarius
505 2287 633 2380 etiam,
659 2287 767 2386 cujus
798 2312 917 2385 supra
942 2286 1192 2362 meminimus
1219 2313 1336 2386 quam

222 2415 263 2489 in
291 2441 332 2490 se
359 2415 432 2490 Dei
457 2415 738 2513 benignitatem
764 2422 944 2514 expertus
970 2415 1094 2490 estin
1121 2441 1210 2490 suos
1238 2415 1336 2490 deri·

223 2545 308 2620 vari
335 2545 503 2644 cupiens,
527 2545 626 2619 nihil
652 2545 777 2644 magis
803 2545 845 2619 in
871 2545 972 2620 votis
999 2545 1127 2637 habet,
1150 2571 1266 2644 quam
1294 2552 1339 2620 ut

225 2699 321 2748 uxor
342 2681 381 2748 et
403 2673 484 2748 filia
508 2673 743 2748 salutaribus
771 2673 882 2772 aquis
904 2676 1201 2764 admoveantur3
1229 2674 1337 2771 eujus

226 2803 447 2902 {equissimo
472 2803 662 2880 desiderio
689 2811 779 2902 post
804 2829 1015 2902 congruam
1041 2803 1337 2877 instructionem

225 2935 307 3008 Deo
330 2935 493 3032 juvante
518 2935 585 3010 fiet
611 2934 716 3009 satis.
769 2935 872 3024 Quin
900 2941 939 3009 et
966 2935 1049 3008 Rex
1073 2935 1336 3009 Anacostauo-

224 3086 324 3154 rum,
360 3062 467 3159 cujus
502 3061 742 3137 territorium
783 3087 861 3136 non
896 3063 1011 3160 longe
1052 3062 1233 3137 dissitum
1268 3071 1337 3156 est,

226 3214 354 3264 secum
375 3195 419 3263 ut
439 3215 539 3264 unus
561 3215 581 3264 e
603 3190 746 3264 nostris
770 3197 1029 3267 commoretur
1053 3191 1225 3290 expetiit.
1278 3192 1339 3266 Ex

226 3346 300 3418 quo
319 3345 396 3395 non
411 3321 569 3394 obscure
587 3327 736 3395 constat
754 3328 923 3419 segetem
941 3320 1102 3396 minime
1117 3323 1337 3396 defuturam

226 3447 378 3541 nostris
405 3447 447 3521 in
478 3473 554 3546 qua
581 3473 740 3546 operam
770 3473 858 3523 oum
887 3449 1014 3523 fructu
1044 3455 1207 3546 ponant:
1244 3449 1339 3547 quin

224 3575 358 3673 potius·
372 3577 588 3650 verendum
611 3601 658 3650 ne
679 3576 908 3674 colligendae
929 3583 1012 3651 tam
1034 3576 1200 3674 copiosae
1221 3577 1340 3651 messi

222 3707 388 3804 operarii
406 3706 575 3784 defuturi
593 3707 681 3782 sint.
734 3710 833 3783 Sunt
846 3715 884 3782 et
902 3708 979 3782 alia
993 3707 1137 3806 oppida
1154 3708 1332 3806 proxime

221 3835 445 3933 adjacentia,
473 3860 560 3934 quoe
594 3837 699 3912 haud
734 3837 849 3912 dubie
884 3837 917 3911 si
948 3837 1033 3935 quis
1064 3837 1144 3911 illis
1176 3845 1333 3912 aeternae

225 3965 316 4040 vitae
346 3965 509 4039 verbum
539 3964 768 4062 impertiret,
796 3967 846 4040 ad
881 3965 1057 4040 veritatis
1092 3966 1341 4065 Evangelicae

223 4096 348 4169 lucem
367 4101 547 4193 prompte
566 4095 818 4193 alacriterque
837 4094 1083 4169 accurrerint.
1115 4093 1208 4194 (77.)
1264 4096 1340 4170 Sed

225 4225 367 4299 nostris
385 4201 448 4298 hic
466 4225 591 4301 adhuc
608 4224 804 4323 integrum
823 4250 900 4298 non
919 4232 977 4299 est
998 4223 1085 4298 aliis
1104 4224 1341 4299 adducendis

224 4357 392 4446 studere,
420 4380 468 4430 ne
503 4353 670 4431 nimium
701 4354 776 4431 cito
812 4354 1010 4430 novellum
1045 4354 1148 4427 hunc
1182 4379 1340 4451 gregem
