3328 5352
876 495 925 574 47

348 710 560 812 separatim
578 717 647 788 aut
672 712 695 788 0
720 711 901 811 pluribus
919 711 1039 789 simul
1065 714 1208 790 collate
1226 720 1343 814 etque
1368 739 1465 814 prae-

349 839 442 916 stite
458 838 710 940 intelligetur.

399 967 616 1045 Consilium
656 968 830 1068 primum
874 994 917 1044 ae
952 993 1153 1045 summum
1197 969 1464 1046 Illustrissimi

348 1099 516 1176 Boronis
542 1106 611 1194 est,
641 1101 746 1198 quod
771 1098 937 1174 oliorum
966 1099 1095 1194 etism,
1122 1100 1189 1200 qui
1217 1100 1259 1177 in
1287 1099 1465 1177 eudemffl)

349 1231 441 1308 nevi
467 1230 623 1325 fuerint,
642 1255 725 1307 esse
743 1231 868 1325 debet,
888 1237 933 1306 ut
958 1231 999 1306 in
1023 1233 1129 1307 terre
1153 1234 1235 1308 tem
1262 1232 1462 1332 frugiferai,

349 1386 427 1438 non
452 1362 534 1437 tem
560 1361 719 1460 frugum
740 1365 856 1458 etque
882 1359 1078 1454 orborum,
1098 1361 1216 1459 quem
1244 1359 1462 1460 Religionis

347 1515 392 1565 ao
419 1487 576 1588 pietatis
603 1488 752 1564 semina
780 1494 1027 1588 spargantur.
1090 1488 1305 1565 Consilium
1339 1489 1461 1565 enim·

348 1621 441 1695 vert>
468 1618 633 1718 dignum
659 1616 904 1711 Christianis,
934 1617 1100 1717 dignum
1127 1619 1274 1718 augelis,
1297 1617 1462 1718 dignum

348 1747 475 1846 anglis,
494 1771 570 1846 quo
591 1744 761 1820 nobilius
780 1744 935 1820 nullum
960 1751 1029 1820 sut
1049 1743 1267 1843 gloriosius,
1286 1751 1345 1821 tot
1363 1744 1461 1820 unti-

348 1876 435 1976 quis
470 1875 619 1976 Anglia
649 1874 823 1950 victoriis
858 1873 1077 1968 nobilitate,
1113 1874 1294 1974 suscepit.
1364 1875 1463 1950 Eece

349 2005 526 2104 regiones
553 2010 646 2080 sunt
673 2003 773 2078 slbae
801 2005 852 2078 ad
879 2027 1058 2096 messem,
1077 2009 1226 2101 paratos
1252 2005 1303 2112 ud
1331 2003 1462 2078 Evan-

317 2203 320 2210 .
345 2134 438 2234 gelii
463 2159 595 2211 semen
621 2133 769 2233 gremio
795 2132 992 2208 fructifero
1017 2131 1297 2230 recipiendum.
1361 2132 1461 2208 Inde

345 2264 422 2362 ipsi
456 2263 620 2340 mittunt
649 2262 822 2361 undique
852 2261 1061 2356 nuntios,(¹‘l
1093 2265 1144 2337 ad
1175 2265 1459 2362 conquirendos

345 2391 503 2468 idoneos
531 2391 707 2468 homines
735 2391 802 2491 qui
830 2391 977 2467 incolas
1006 2391 1184 2467 doctrine
1211 2392 1376 2468 salutari
1401 2392 1460 2468 in-

346 2525 500 2595 struant
528 2544 571 2595 00
599 2543 707 2594 sacro
737 2519 842 2594 fonte
870 2523 1313 2618 regenerent-adsunt
1341 2520 1459 2597 etiam

346 2648 418 2724 hoe
444 2647 529 2747 ipso
554 2653 730 2747 tempore
747 2645 788 2722 in
816 2648 923 2741 urbe,
943 2646 1011 2747 qui
1037 2647 1241 2725 sevidisse
1266 2655 1463 2725 testa-ntur

346 2778 512 2878 Legatos
535 2776 656 2854 esuis
684 2776 858 2876 Regibus
884 2776 984 2852 hano
1003 2778 1051 2852 ob
1069 2802 1226 2853 oausam
1245 2781 1295 2854 ad
1321 2778 1460 2854 urbem

345 2907 372 2981 J
373 2906 480 2982 soobi
499 2906 540 3003 (J
542 2909 767 3003 amestown)
785 2905 826 2980 in
845 2904 1028 3004 Virginih
1045 2907 1195 3002 missos,
1214 2906 1461 3006 infantesque

344 3035 386 3110 in
422 3035 578 3111 Novem
606 3034 778 3134 angliam
809 3034 969 3128 delatos,
1000 3042 1044 3111 ut
1079 3035 1192 3135 aquis
1219 3036 1459 3113 salutaribus

345 3165 608 3242 abluerentur.
661 3163 733 3241 Cui
760 3189 851 3264 ergo
877 3165 1042 3240 dubium
1069 3191 1153 3242 esse
1179 3166 1333 3266 poterit,
1361 3167 1457 3266 quin

345 3297 416 3372 hoo
434 3321 511 3372 uno
529 3296 611 3371 tem
628 3294 795 3395 glorioso
813 3320 928 3392 opere
948 3294 1074 3371 multe
1091 3296 1314 3373 animarum
1332 3297 1459 3373 millia

346 3428 396 3502 ad
414 3425 614 3502 Christum
640 3427 926 3501 traducantur?
952 3449 1050 3522 opus
1068 3403 1224 3524 appello
1245 3425 1459 3525 gloriosum

346 3554 568 3632 animarum
596 3554 787 3630 auxilium
815 3579 859 3628 00
886 3553 1076 3630 salutem:
1115 3580 1214 3654 opus
1241 3555 1346 3631 enim
1375 3562 1460 3631 eret

347 3682 492 3759 Christi
537 3683 656 3783 Regis
692 3681 1107 3776 Gloriae—Ceterirm,
1143 3685 1232 3759 oiim
1275 3683 1458 3759 omnibus

346 3813 451 3891 idem
483 3815 599 3889 ardor
627 3813 749 3888 enimi
777 3839 821 3889 ao
849 3811 990 3888 mentis
1021 3813 1187 3890 altitudo
1216 3813 1384 3908 nonsit,
1415 3822 1459 3890 ut

347 3942 447 4018 nihil
473 3941 550 4018 nisi
577 3941 712 4019 divina
729 3949 914 4042 spectent,
934 3941 1033 4016 nihil
1061 3942 1136 4018 nisi
1162 3943 1331 4020 oaelestia
1352 3943 1457 4020 intu-
