3402 5360
851 480 900 555 28

317 719 405 769 mus
432 694 669 770 Motoliaam.
723 694 801 770 Hic
820 697 896 770 duo
915 695 1059 770 lentres
1087 699 1282 773 nudorum
1309 699 1430 774 homi-

318 849 413 898 num
445 823 587 898 molem
616 831 758 922 nostrae
790 825 902 900 navis
932 826 1059 920 veriti,
1089 827 1264 926 Pepones
1296 855 1428 904 cucur·

317 951 430 1044 bitas,
479 951 627 1026 fructus
680 952 834 1027 Platani
887 960 925 1028 et
976 939 1167 1030 Psittacos
1217 959 1264 1032 de
1315 959 1429 1058 longe
1479 997 1482 1004 ⁴

317 1081 573 1157 ostendebant
606 1083 910 1156 commutandos.
982 1083 1088 1158 Gens
1123 1086 1250 1180 effera,
1288 1089 1426 1182 obaesa,

317 1211 527 1310 pigmentis
554 1211 763 1310 purpureis
790 1211 929 1304 nitens,
957 1211 1095 1310 ignara
1122 1213 1319 1310 Numinis,
1347 1243 1426 1292 car-

318 1341 428 1418 nium
456 1343 718 1418 humanarum
745 1340 873 1434 avida,
901 1348 940 1416 et
963 1368 1050 1441 quae
1077 1345 1284 1442 anglorum
1310 1346 1427 1422 inter·

316 1481 444 1572 protes
464 1472 612 1571 aliquot
637 1471 788 1570 pridem
814 1473 1095 1576 absumpserat,
1114 1475 1311 1572 regionem
1339 1478 1430 1552 colit

316 1601 357 1675 in
388 1599 526 1698 primis
554 1598 733 1691 fertilem,
763 1601 831 1674 sed
861 1625 948 1698 quae
979 1607 1061 1676 tota
1091 1602 1201 1678 lucus
1230 1604 1291 1698 sit,
1320 1607 1429 1680 nulla

316 1730 479 1830 planitie
513 1731 658 1828 pervia.
728 1729 911 1827 Aplustri
942 1729 1029 1805 albo
1060 1730 1101 1805 in
1132 1732 1289 1831 signum
1323 1736 1428 1833 pacis

315 1860 523 1960 proposito,
543 1884 606 1936 eos
633 1859 700 1958 qui
724 1885 764 1934 se
788 1861 811 1934 a
836 1859 950 1958 longe
973 1864 1220 1938 ostentabant
1244 1864 1427 1940 invitavi·

316 2017 403 2065 mus
422 1992 472 2064 ad
497 1989 738 2082 commercia,
759 1991 827 2063 sed
853 1988 1042 2064 indicium
1061 1993 1230 2067 aversati
1256 1993 1427 2093 insignia

316 2127 499 2196 consueta
529 2124 827 2217 proposuerunt.

365 2250 475 2341 oum,
507 2247 569 2322 his
604 2246 778 2340 ostensis,
810 2246 971 2344 quinam
1006 2274 1178 2324 essemus
1213 2249 1424 2327 intellexis-

316 2387 412 2473 sent,
448 2379 589 2454 animis
632 2377 843 2476 assumptis
887 2381 1078 2454 accessere
1104 2381 1304 2479 propibs3
1358 2385 1426 2458 sed

314 2507 448 2608 paucis
479 2507 633 2582 tantdm
668 2505 944 2581 tintinnabulis
975 2515 1013 2582 et
1047 2509 1216 2584 cultellis
1248 2515 1424 2610 acceptis,

314 2634 547 2736 praepotenti
590 2633 683 2710 navi
718 2659 795 2708 non
840 2635 1006 2710 nimium
1049 2639 1222 2734 fidentes,
1260 2642 1425 2716 celocem

314 2767 469 2859 adeunt,
501 2763 772 2862 promittentes
807 2789 857 2856 se,
894 2764 927 2838 si
962 2765 1170 2842 consistere
1205 2771 1424 2845 decernere·

313 2920 412 2989 mus,
438 2891 614 2992 sequenti
638 2891 700 2967 die
726 2892 905 2966 meliores
933 2919 1084 2984 merces¹
1106 2896 1305 2972 allaturos.
1359 2899 1426 2973 Ca-

313 3024 395 3122 piet
418 3023 512 3098 olim
531 3021 711 3120 aliquem,
732 3021 789 3095 uti
807 3046 930 3119 spem,
950 3023 1124 3098 derelicti
1148 3025 1265 3125 hujus
1288 3027 1425 3126 populi

314 3152 521 3229 miseratio.
586 3152 708 3249 Apud
739 3157 877 3224 nautas
908 3150 1102 3227 increbuit
1131 3179 1265 3229 rumor
1300 3157 1423 3256 (ortus

313 3283 336 3355 a
370 3279 604 3378 quibusdam
640 3277 765 3351 Gallis
802 3278 1016 3378 naufragis)
1056 3281 1229 3378 reperiri,
1266 3281 1307 3356 in
1352 3283 1423 3357 hac

313 3412 452 3504 insula,
485 3411 625 3485 animal
653 3409 762 3507 cujus
797 3408 915 3482 fronti
950 3409 1051 3507 lapis
1081 3412 1259 3488 inusitati
1294 3414 1422 3512 splen·

314 3541 418 3617 doris
447 3539 600 3632 insidet,
631 3563 768 3636 prunae
797 3538 860 3612 vel
891 3540 1062 3614 candelae
1091 3543 1243 3616 ardenti
1271 3543 1423 3618 similis.

315 3672 420 3746 Huic
451 3669 612 3745 animali
643 3671 835 3744 Carbonem
869 3694 1009 3745 nomen
1040 3671 1279 3748 indiderunt.
1351 3673 1424 3748 Rei

239 3869 246 3881 .
313 3803 408 3876 fides
436 3799 487 3874 sit
512 3799 630 3896 penes
657 3804 863 3873 auctorem.
