<?xml version="1.0" encoding="UTF-8"?>
<!DOCTYPE html PUBLIC "-//W3C//DTD XHTML 1.0 Transitional//EN"
    "http://www.w3.org/TR/xhtml1/DTD/xhtml1-transitional.dtd">
<html xmlns="http://www.w3.org/1999/xhtml" xml:lang="en" lang="en">
 <head>
  <title>
</title>
<meta http-equiv="Content-Type" content="text/html;charset=utf-8" />
  <meta name='ocr-system' content='tesseract 3.04.00' />
  <meta name='ocr-capabilities' content='ocr_page ocr_carea ocr_par ocr_line ocrx_word'/>
</head>
<body>
  <div class='ocr_page' id='page_1' title='image "./relatioitineris00dalrgoog/relatioitineris00dalrgoog_0210.png"; bbox 0 0 3348 5346; ppageno 0'>
   <div class='ocr_carea' id='block_1_1' title="bbox 798 517 847 588">
    <p class='ocr_par' dir='ltr' id='par_1_1' title="bbox 798 517 847 588">
     <span class='ocr_line' id='line_1_1' title="bbox 798 517 847 588; baseline 0 0"><span class='ocrx_word' id='word_1_1' title='bbox 798 517 847 588; x_wconf 75' lang='lat'>22</span> 
     </span>
    </p>
   </div>
   <div class='ocr_carea' id='block_1_2' title="bbox 269 771 1395 4472">
    <p class='ocr_par' dir='ltr' id='par_1_2' title="bbox 269 771 1395 4472">
     <span class='ocr_line' id='line_1_2' title="bbox 271 771 1379 870; baseline 0 -25"><span class='ocrx_word' id='word_1_2' title='bbox 271 771 362 870; x_wconf 71' lang='lat'><em>(81.)</em></span> <span class='ocrx_word' id='word_1_3' title='bbox 385 779 544 870; x_wconf 88' lang='lat' dir='ltr'>paratus</span> <span class='ocrx_word' id='word_1_4' title='bbox 566 771 691 848; x_wconf 86' lang='lat' dir='ltr'>estad</span> <span class='ocrx_word' id='word_1_5' title='bbox 712 773 828 847; x_wconf 90' lang='lat' dir='ltr'>fidem</span> <span class='ocrx_word' id='word_1_6' title='bbox 851 772 1174 870; x_wconf 82' lang='lat' dir='ltr'>amplectandam,</span> <span class='ocrx_word' id='word_1_7' title='bbox 1193 798 1281 847; x_wconf 92' lang='lat' dir='ltr'>cum</span> <span class='ocrx_word' id='word_1_8' title='bbox 1302 771 1379 870; x_wconf 90' lang='lat' dir='ltr'>pri·</span> 
     </span>
     <span class='ocr_line' id='line_1_3' title="bbox 269 899 1380 974; baseline 0 -1"><span class='ocrx_word' id='word_1_9' title='bbox 269 923 378 973; x_wconf 90' lang='lat' dir='ltr'>mum</span> <span class='ocrx_word' id='word_1_10' title='bbox 391 924 557 974; x_wconf 85' lang='lat' dir='ltr'>vacuum</span> <span class='ocrx_word' id='word_1_11' title='bbox 576 899 686 974; x_wconf 91' lang='lat' dir='ltr'>nobis</span> <span class='ocrx_word' id='word_1_12' title='bbox 705 899 822 974; x_wconf 83' lang='lat' dir='ltr'>fuerit</span> <span class='ocrx_word' id='word_1_13' title='bbox 839 925 928 974; x_wconf 89' lang='lat' dir='ltr'>eum</span> <span class='ocrx_word' id='word_1_14' title='bbox 947 899 1177 974; x_wconf 78' lang='lat' dir='ltr'>catechismo</span> <span class='ocrx_word' id='word_1_15' title='bbox 1195 899 1380 974; x_wconf 88' lang='lat' dir='ltr'>imbuere.</span> 
     </span>
     <span class='ocr_line' id='line_1_4' title="bbox 270 1024 1381 1125; baseline -0.003 -25"><span class='ocrx_word' id='word_1_16' title='bbox 270 1026 351 1101; x_wconf 89' lang='lat' dir='ltr'>Noc</span> <span class='ocrx_word' id='word_1_17' title='bbox 381 1027 504 1101; x_wconf 92' lang='lat' dir='ltr'>multo</span> <span class='ocrx_word' id='word_1_18' title='bbox 535 1033 624 1125; x_wconf 88' lang='lat' dir='ltr'>post</span> <span class='ocrx_word' id='word_1_19' title='bbox 648 1026 804 1125; x_wconf 89' lang='lat' dir='ltr'>juvenis</span> <span class='ocrx_word' id='word_1_20' title='bbox 839 1025 1069 1125; x_wconf 81' lang='lat' dir='ltr'>imperatrix</span> <span class='ocrx_word' id='word_1_21' title='bbox 1101 1026 1160 1123; x_wconf 89' lang='lat' dir='ltr'>(ut</span> <span class='ocrx_word' id='word_1_22' title='bbox 1188 1024 1265 1124; x_wconf 92' lang='lat' dir='ltr'>ipsi</span> <span class='ocrx_word' id='word_1_23' title='bbox 1296 1050 1381 1098; x_wconf 88' lang='lat' dir='ltr'>eam</span> 
     </span>
     <span class='ocr_line' id='line_1_5' title="bbox 269 1154 1381 1256; baseline -0.004 -24"><span class='ocrx_word' id='word_1_24' title='bbox 269 1156 485 1256; x_wconf 88' lang='lat' dir='ltr'>appellant)</span> <span class='ocrx_word' id='word_1_25' title='bbox 521 1155 740 1232; x_wconf 87' lang='lat' dir='ltr'>Pascatavii</span> <span class='ocrx_word' id='word_1_26' title='bbox 771 1156 812 1231; x_wconf 91' lang='lat' dir='ltr'>in</span> <span class='ocrx_word' id='word_1_27' title='bbox 843 1158 890 1231; x_wconf 71' lang='lat'>8¹³?</span> <span class='ocrx_word' id='word_1_28' title='bbox 911 1156 1052 1231; x_wconf 82' lang='lat' dir='ltr'>Mariae</span> <span class='ocrx_word' id='word_1_29' title='bbox 1083 1155 1226 1255; x_wconf 91' lang='lat' dir='ltr'>oppido</span> <span class='ocrx_word' id='word_1_30' title='bbox 1257 1154 1381 1252; x_wconf 90' lang='lat' dir='ltr'>bapti-</span> 
     </span>
     <span class='ocr_line' id='line_1_6' title="bbox 270 1282 1381 1383; baseline -0.005 -23"><span class='ocrx_word' id='word_1_31' title='bbox 270 1293 356 1361; x_wconf 87' lang='lat' dir='ltr'>zata</span> <span class='ocrx_word' id='word_1_32' title='bbox 385 1285 469 1378; x_wconf 86' lang='lat' dir='ltr'>fuit,</span> <span class='ocrx_word' id='word_1_33' title='bbox 496 1284 626 1383; x_wconf 90' lang='lat' dir='ltr'>ibique</span> <span class='ocrx_word' id='word_1_34' title='bbox 660 1286 856 1376; x_wconf 87' lang='lat' dir='ltr'>educatur,</span> <span class='ocrx_word' id='word_1_35' title='bbox 880 1286 1040 1383; x_wconf 90' lang='lat' dir='ltr'>jamque</span> <span class='ocrx_word' id='word_1_36' title='bbox 1070 1283 1279 1383; x_wconf 84' lang='lat' dir='ltr'>Anglicam</span> <span class='ocrx_word' id='word_1_37' title='bbox 1309 1282 1381 1356; x_wconf 90' lang='lat' dir='ltr'>lin·</span> 
     </span>
     <span class='ocr_line' id='line_1_7' title="bbox 270 1411 1383 1513; baseline -0.005 -24"><span class='ocrx_word' id='word_1_38' title='bbox 270 1439 388 1513; x_wconf 88' lang='lat' dir='ltr'>guam</span> <span class='ocrx_word' id='word_1_39' title='bbox 406 1415 525 1512; x_wconf 89' lang='lat' dir='ltr'>probe</span> <span class='ocrx_word' id='word_1_40' title='bbox 542 1413 666 1488; x_wconf 90' lang='lat' dir='ltr'>callet.</span> <span class='ocrx_word' id='word_1_41' title='bbox 720 1413 869 1488; x_wconf 89' lang='lat' dir='ltr'>Eodem</span> <span class='ocrx_word' id='word_1_42' title='bbox 890 1414 969 1487; x_wconf 84' lang='lat' dir='ltr'>fere</span> <span class='ocrx_word' id='word_1_43' title='bbox 989 1420 1175 1511; x_wconf 90' lang='lat' dir='ltr'>tempore,</span> <span class='ocrx_word' id='word_1_44' title='bbox 1195 1411 1383 1510; x_wconf 90' lang='lat' dir='ltr'>oppidum</span> 
     </span>
     <span class='ocr_line' id='line_1_8' title="bbox 272 1540 1383 1640; baseline -0.007 -20"><span class='ocrx_word' id='word_1_45' title='bbox 272 1543 418 1620; x_wconf 90' lang='lat' dir='ltr'>dictum</span> <span class='ocrx_word' id='word_1_46' title='bbox 440 1543 674 1618; x_wconf 92' lang='lat' dir='ltr'>Portobacco</span> <span class='ocrx_word' id='word_1_47' title='bbox 692 1541 832 1639; x_wconf 89' lang='lat' dir='ltr'>majori</span> <span class='ocrx_word' id='word_1_48' title='bbox 854 1568 900 1616; x_wconf 88' lang='lat' dir='ltr'>ex</span> <span class='ocrx_word' id='word_1_49' title='bbox 918 1549 1028 1640; x_wconf 88' lang='lat' dir='ltr'>parte</span> <span class='ocrx_word' id='word_1_50' title='bbox 1049 1542 1166 1616; x_wconf 90' lang='lat' dir='ltr'>fidem</span> <span class='ocrx_word' id='word_1_51' title='bbox 1184 1565 1273 1614; x_wconf 91' lang='lat' dir='ltr'>cum</span> <span class='ocrx_word' id='word_1_52' title='bbox 1290 1540 1383 1635; x_wconf 89' lang='lat' dir='ltr'>bap·</span> 
     </span>
     <span class='ocr_line' id='line_1_9' title="bbox 271 1669 1384 1770; baseline -0.005 -22"><span class='ocrx_word' id='word_1_53' title='bbox 271 1673 387 1748; x_wconf 91' lang='lat' dir='ltr'>tismo</span> <span class='ocrx_word' id='word_1_54' title='bbox 416 1672 595 1770; x_wconf 85' lang='lat' dir='ltr'>suscepit.</span> <span class='ocrx_word' id='word_1_55' title='bbox 654 1672 766 1761; x_wconf 77' lang='lat' dir='ltr'>Quod</span> <span class='ocrx_word' id='word_1_56' title='bbox 796 1697 884 1746; x_wconf 92' lang='lat' dir='ltr'>cum</span> <span class='ocrx_word' id='word_1_57' title='bbox 916 1674 965 1746; x_wconf 89' lang='lat' dir='ltr'>ad</span> <span class='ocrx_word' id='word_1_58' title='bbox 995 1669 1141 1746; x_wconf 90' lang='lat' dir='ltr'>fiumen</span> <span class='ocrx_word' id='word_1_59' title='bbox 1173 1671 1384 1745; x_wconf 88' lang='lat' dir='ltr'>Pamacum</span> 
     </span>
     <span class='ocr_line' id='line_1_10' title="bbox 278 1796 1385 1900; baseline -0.005 -23"><span class='ocrx_word' id='word_1_60' title='bbox 278 1803 467 1900; x_wconf 89' lang='lat' dir='ltr'>(Pamake</span> <span class='ocrx_word' id='word_1_61' title='bbox 496 1801 711 1900; x_wconf 84' lang='lat' dir='ltr'>appellant)</span> <span class='ocrx_word' id='word_1_62' title='bbox 739 1799 780 1874; x_wconf 93' lang='lat' dir='ltr'>in</span> <span class='ocrx_word' id='word_1_63' title='bbox 806 1800 934 1875; x_wconf 89' lang='lat' dir='ltr'>medio</span> <span class='ocrx_word' id='word_1_64' title='bbox 963 1801 1042 1874; x_wconf 84' lang='lat' dir='ltr'>fere</span> <span class='ocrx_word' id='word_1_65' title='bbox 1069 1801 1258 1874; x_wconf 84' lang='lat' dir='ltr'>Indorum</span> <span class='ocrx_word' id='word_1_66' title='bbox 1285 1796 1385 1896; x_wconf 93' lang='lat' dir='ltr'>posi-</span> 
     </span>
     <span class='ocr_line' id='line_1_11' title="bbox 271 1926 1386 2026; baseline -0.004 -23"><span class='ocrx_word' id='word_1_67' title='bbox 271 1937 356 2004; x_wconf 86' lang='lat' dir='ltr'>tum</span> <span class='ocrx_word' id='word_1_68' title='bbox 378 1929 439 2021; x_wconf 89' lang='lat' dir='ltr'>sit,</span> <span class='ocrx_word' id='word_1_69' title='bbox 459 1952 579 2026; x_wconf 88' lang='lat' dir='ltr'>eoque</span> <span class='ocrx_word' id='word_1_70' title='bbox 598 1929 647 2001; x_wconf 87' lang='lat' dir='ltr'>ad</span> <span class='ocrx_word' id='word_1_71' title='bbox 671 1927 914 2001; x_wconf 84' lang='lat' dir='ltr'>excursiones</span> <span class='ocrx_word' id='word_1_72' title='bbox 932 1926 1023 2002; x_wconf 88' lang='lat' dir='ltr'>inde</span> <span class='ocrx_word' id='word_1_73' title='bbox 1044 1926 1084 2000; x_wconf 93' lang='lat' dir='ltr'>in</span> <span class='ocrx_word' id='word_1_74' title='bbox 1104 1952 1237 2001; x_wconf 88' lang='lat' dir='ltr'>omnes</span> <span class='ocrx_word' id='word_1_75' title='bbox 1255 1932 1386 2024; x_wconf 90' lang='lat' dir='ltr'>partes</span> 
     </span>
     <span class='ocr_line' id='line_1_12' title="bbox 273 2054 1385 2133; baseline -0.005 0"><span class='ocrx_word' id='word_1_76' title='bbox 273 2056 523 2133; x_wconf 90' lang='lat' dir='ltr'>commodius.</span> <span class='ocrx_word' id='word_1_77' title='bbox 593 2056 807 2131; x_wconf 84' lang='lat' dir='ltr'>Statuimus</span> <span class='ocrx_word' id='word_1_78' title='bbox 847 2056 928 2130; x_wconf 91' lang='lat' dir='ltr'>illic</span> <span class='ocrx_word' id='word_1_79' title='bbox 970 2055 1236 2131; x_wconf 86' lang='lat' dir='ltr'>Residentiam</span> <span class='ocrx_word' id='word_1_80' title='bbox 1271 2054 1385 2128; x_wconf 91' lang='lat' dir='ltr'>collo-</span> 
     </span>
     <span class='ocr_line' id='line_1_13' title="bbox 273 2183 1387 2283; baseline -0.004 -24"><span class='ocrx_word' id='word_1_81' title='bbox 273 2209 376 2277; x_wconf 86' lang='lat' dir='ltr'>care3</span> <span class='ocrx_word' id='word_1_82' title='bbox 403 2185 519 2283; x_wconf 86' lang='lat' dir='ltr'>idque</span> <span class='ocrx_word' id='word_1_83' title='bbox 540 2210 584 2259; x_wconf 92' lang='lat' dir='ltr'>eo</span> <span class='ocrx_word' id='word_1_84' title='bbox 606 2185 731 2283; x_wconf 85' lang='lat' dir='ltr'>magis</span> <span class='ocrx_word' id='word_1_85' title='bbox 753 2211 828 2283; x_wconf 92' lang='lat' dir='ltr'>quc</span> <span class='ocrx_word' id='word_1_86' title='bbox 846 2210 1027 2262; x_wconf 88' lang='lat' dir='ltr'>veremur</span> <span class='ocrx_word' id='word_1_87' title='bbox 1044 2209 1092 2260; x_wconf 93' lang='lat' dir='ltr'>ne</span> <span class='ocrx_word' id='word_1_88' title='bbox 1114 2183 1387 2259; x_wconf 86' lang='lat' dir='ltr'>Pascatavium</span> 
     </span>
     <span class='ocr_line' id='line_1_14' title="bbox 275 2313 1386 2412; baseline -0.004 -23"><span class='ocrx_word' id='word_1_89' title='bbox 275 2317 449 2389; x_wconf 87' lang='lat' dir='ltr'>deserere</span> <span class='ocrx_word' id='word_1_90' title='bbox 475 2339 668 2411; x_wconf 84' lang='lat' dir='ltr'>cogamur,</span> <span class='ocrx_word' id='word_1_91' title='bbox 696 2322 856 2412; x_wconf 86' lang='lat' dir='ltr'>propter</span> <span class='ocrx_word' id='word_1_92' title='bbox 881 2314 1121 2389; x_wconf 87' lang='lat' dir='ltr'>vicinitatem</span> <span class='ocrx_word' id='word_1_93' title='bbox 1148 2313 1386 2411; x_wconf 83' lang='lat' dir='ltr'>Sesquchan·</span> 
     </span>
     <span class='ocr_line' id='line_1_15' title="bbox 276 2440 1388 2541; baseline -0.003 -26"><span class='ocrx_word' id='word_1_94' title='bbox 276 2467 425 2534; x_wconf 90' lang='lat' dir='ltr'>norum,</span> <span class='ocrx_word' id='word_1_95' title='bbox 457 2442 522 2540; x_wconf 93' lang='lat' dir='ltr'>qui</span> <span class='ocrx_word' id='word_1_96' title='bbox 551 2442 719 2540; x_wconf 89' lang='lat' dir='ltr'>populus</span> <span class='ocrx_word' id='word_1_97' title='bbox 746 2449 805 2516; x_wconf 86' lang='lat' dir='ltr'>est</span> <span class='ocrx_word' id='word_1_98' title='bbox 830 2443 970 2516; x_wconf 91' lang='lat' dir='ltr'>harum</span> <span class='ocrx_word' id='word_1_99' title='bbox 995 2442 1193 2541; x_wconf 82' lang='lat' dir='ltr'>regiorum</span> <span class='ocrx_word' id='word_1_100' title='bbox 1219 2440 1388 2514; x_wconf 88' lang='lat' dir='ltr'>maxime</span> 
     </span>
     <span class='ocr_line' id='line_1_16' title="bbox 275 2571 1390 2670; baseline -0.003 -25"><span class='ocrx_word' id='word_1_101' title='bbox 275 2573 383 2645; x_wconf 81' lang='lat' dir='ltr'>ferox</span> <span class='ocrx_word' id='word_1_102' title='bbox 404 2579 442 2646; x_wconf 91' lang='lat' dir='ltr'>et</span> <span class='ocrx_word' id='word_1_103' title='bbox 458 2571 674 2663; x_wconf 88' lang='lat' dir='ltr'>bellicosus,</span> <span class='ocrx_word' id='word_1_104' title='bbox 694 2578 808 2670; x_wconf 87' lang='lat' dir='ltr'>atque</span> <span class='ocrx_word' id='word_1_105' title='bbox 827 2571 1058 2646; x_wconf 84' lang='lat' dir='ltr'>Christianis</span> <span class='ocrx_word' id='word_1_106' title='bbox 1076 2571 1266 2646; x_wconf 88' lang='lat' dir='ltr'>infensus:</span> <span class='ocrx_word' id='word_1_107' title='bbox 1289 2571 1390 2667; x_wconf 86' lang='lat' dir='ltr'>jam·</span> 
     </span>
     <span class='ocr_line' id='line_1_17' title="bbox 276 2700 1387 2800; baseline -0.003 -25"><span class='ocrx_word' id='word_1_108' title='bbox 276 2727 350 2799; x_wconf 89' lang='lat' dir='ltr'>que</span> <span class='ocrx_word' id='word_1_109' title='bbox 390 2701 540 2800; x_wconf 88' lang='lat' dir='ltr'>impetu</span> <span class='ocrx_word' id='word_1_110' title='bbox 580 2700 621 2774; x_wconf 91' lang='lat' dir='ltr'>in</span> <span class='ocrx_word' id='word_1_111' title='bbox 662 2701 790 2776; x_wconf 89' lang='lat' dir='ltr'>locum</span> <span class='ocrx_word' id='word_1_112' title='bbox 831 2703 1026 2799; x_wconf 90' lang='lat' dir='ltr'>quendam</span> <span class='ocrx_word' id='word_1_113' title='bbox 1065 2708 1242 2775; x_wconf 85' lang='lat' dir='ltr'>nostrum</span> <span class='ocrx_word' id='word_1_114' title='bbox 1276 2701 1387 2791; x_wconf 86' lang='lat' dir='ltr'>facto,</span> 
     </span>
     <span class='ocr_line' id='line_1_18' title="bbox 276 2828 1390 2926; baseline -0.004 -21"><span class='ocrx_word' id='word_1_115' title='bbox 276 2829 453 2905; x_wconf 89' lang='lat' dir='ltr'>homines</span> <span class='ocrx_word' id='word_1_116' title='bbox 488 2854 584 2926; x_wconf 89' lang='lat' dir='ltr'>quos</span> <span class='ocrx_word' id='word_1_117' title='bbox 619 2828 700 2902; x_wconf 86' lang='lat' dir='ltr'>illic</span> <span class='ocrx_word' id='word_1_118' title='bbox 739 2829 947 2903; x_wconf 82' lang='lat' dir='ltr'>habuimus</span> <span class='ocrx_word' id='word_1_119' title='bbox 982 2836 1178 2921; x_wconf 90' lang='lat' dir='ltr'>necarunt,</span> <span class='ocrx_word' id='word_1_120' title='bbox 1213 2831 1390 2926; x_wconf 88' lang='lat' dir='ltr'>bonaque</span> 
     </span>
     <span class='ocr_line' id='line_1_19' title="bbox 277 2958 1389 3058; baseline -0.004 -24"><span class='ocrx_word' id='word_1_121' title='bbox 277 2984 419 3058; x_wconf 87' lang='lat' dir='ltr'>magno</span> <span class='ocrx_word' id='word_1_122' title='bbox 444 2967 575 3033; x_wconf 90' lang='lat' dir='ltr'>nostro</span> <span class='ocrx_word' id='word_1_123' title='bbox 600 2961 741 3034; x_wconf 88' lang='lat' dir='ltr'>damno</span> <span class='ocrx_word' id='word_1_124' title='bbox 767 2967 1027 3056; x_wconf 86' lang='lat' dir='ltr'>asportarunt.</span> <span class='ocrx_word' id='word_1_125' title='bbox 1080 2960 1138 3032; x_wconf 85' lang='lat' dir='ltr'>Ac</span> <span class='ocrx_word' id='word_1_126' title='bbox 1162 2958 1239 3032; x_wconf 92' lang='lat' dir='ltr'>nisi</span> <span class='ocrx_word' id='word_1_127' title='bbox 1265 2983 1389 3032; x_wconf 90' lang='lat' dir='ltr'>armo·</span> 
     </span>
     <span class='ocr_line' id='line_1_20' title="bbox 277 3085 1391 3186; baseline -0.004 -23"><span class='ocrx_word' id='word_1_128' title='bbox 277 3115 366 3163; x_wconf 91' lang='lat' dir='ltr'>rum</span> <span class='ocrx_word' id='word_1_129' title='bbox 387 3088 427 3161; x_wconf 93' lang='lat' dir='ltr'>vi</span> <span class='ocrx_word' id='word_1_130' title='bbox 448 3087 755 3185; x_wconf 88' lang='lat' dir='ltr'>comprimantur</span> <span class='ocrx_word' id='word_1_131' title='bbox 784 3089 902 3186; x_wconf 86' lang='lat' dir='ltr'>(quod</span> <span class='ocrx_word' id='word_1_132' title='bbox 925 3087 1087 3161; x_wconf 91' lang='lat' dir='ltr'>minime</span> <span class='ocrx_word' id='word_1_133' title='bbox 1113 3111 1314 3185; x_wconf 91' lang='lat' dir='ltr'>speramus</span> <span class='ocrx_word' id='word_1_134' title='bbox 1340 3085 1391 3158; x_wconf 93' lang='lat' dir='ltr'>ob</span> 
     </span>
     <span class='ocr_line' id='line_1_21' title="bbox 279 3213 1391 3312; baseline -0.004 -21"><span class='ocrx_word' id='word_1_135' title='bbox 279 3217 473 3291; x_wconf 84' lang='lat' dir='ltr'>variantes</span> <span class='ocrx_word' id='word_1_136' title='bbox 513 3215 615 3289; x_wconf 89' lang='lat' dir='ltr'>inter</span> <span class='ocrx_word' id='word_1_137' title='bbox 655 3240 695 3289; x_wconf 88' lang='lat' dir='ltr'>se</span> <span class='ocrx_word' id='word_1_138' title='bbox 736 3215 958 3312; x_wconf 81' lang='lat' dir='ltr'>Anglorum</span> <span class='ocrx_word' id='word_1_139' title='bbox 996 3213 1223 3312; x_wconf 87' lang='lat' dir='ltr'>sententias)</span> <span class='ocrx_word' id='word_1_140' title='bbox 1261 3220 1391 3287; x_wconf 90' lang='lat' dir='ltr'>tutum</span> 
     </span>
     <span class='ocr_line' id='line_1_22' title="bbox 279 3339 1391 3429; baseline -0.004 -12"><span class='ocrx_word' id='word_1_141' title='bbox 279 3343 359 3418; x_wconf 90' lang='lat' dir='ltr'>illic</span> <span class='ocrx_word' id='word_1_142' title='bbox 377 3342 487 3416; x_wconf 90' lang='lat' dir='ltr'>nobis</span> <span class='ocrx_word' id='word_1_143' title='bbox 506 3367 583 3415; x_wconf 94' lang='lat' dir='ltr'>non</span> <span class='ocrx_word' id='word_1_144' title='bbox 602 3340 686 3416; x_wconf 89' lang='lat' dir='ltr'>erit.</span> <span class='ocrx_word' id='word_1_145' title='bbox 737 3342 864 3429; x_wconf 76' lang='lat' dir='ltr'>Quare</span> <span class='ocrx_word' id='word_1_146' title='bbox 883 3340 1171 3415; x_wconf 82' lang='lat' dir='ltr'>excursionibus</span> <span class='ocrx_word' id='word_1_147' title='bbox 1189 3339 1391 3428; x_wconf 80' lang='lat' dir='ltr'>contentus</span> 
     </span>
     <span class='ocr_line' id='line_1_23' title="bbox 280 3469 1392 3568; baseline -0.004 -24"><span class='ocrx_word' id='word_1_148' title='bbox 280 3497 362 3545; x_wconf 88' lang='lat' dir='ltr'>csse</span> <span class='ocrx_word' id='word_1_149' title='bbox 397 3476 564 3568; x_wconf 82' lang='lat' dir='ltr'>oportet3</span> <span class='ocrx_word' id='word_1_150' title='bbox 605 3469 737 3567; x_wconf 89' lang='lat' dir='ltr'>quales</span> <span class='ocrx_word' id='word_1_151' title='bbox 767 3469 899 3566; x_wconf 89' lang='lat' dir='ltr'>plures</span> <span class='ocrx_word' id='word_1_152' title='bbox 926 3469 997 3542; x_wconf 91' lang='lat' dir='ltr'>boc</span> <span class='ocrx_word' id='word_1_153' title='bbox 1027 3494 1129 3543; x_wconf 88' lang='lat' dir='ltr'>anno</span> <span class='ocrx_word' id='word_1_154' title='bbox 1160 3469 1201 3542; x_wconf 92' lang='lat' dir='ltr'>in</span> <span class='ocrx_word' id='word_1_155' title='bbox 1233 3493 1392 3542; x_wconf 89' lang='lat' dir='ltr'>ascensu</span> 
     </span>
     <span class='ocr_line' id='line_1_24' title="bbox 281 3597 1392 3696; baseline -0.003 -23"><span class='ocrx_word' id='word_1_156' title='bbox 281 3598 402 3690; x_wconf 86' lang='lat' dir='ltr'>fluvii,</span> <span class='ocrx_word' id='word_1_157' title='bbox 428 3623 542 3696; x_wconf 89' lang='lat' dir='ltr'>quem</span> <span class='ocrx_word' id='word_1_158' title='bbox 571 3598 746 3672; x_wconf 89' lang='lat' dir='ltr'>Patuxen</span> <span class='ocrx_word' id='word_1_159' title='bbox 774 3597 917 3690; x_wconf 91' lang='lat' dir='ltr'>dicunt,</span> <span class='ocrx_word' id='word_1_160' title='bbox 936 3597 1154 3691; x_wconf 70' lang='lat' dir='ltr'>habuimus</span> <span class='ocrx_word' id='word_1_161' title='bbox 1177 3624 1224 3672; x_wconf 89' lang='lat' dir='ltr'>ex</span> <span class='ocrx_word' id='word_1_162' title='bbox 1253 3597 1392 3696; x_wconf 90' lang='lat' dir='ltr'>quibus</span> 
     </span>
     <span class='ocr_line' id='line_1_25' title="bbox 281 3725 1392 3824; baseline -0.003 -23"><span class='ocrx_word' id='word_1_163' title='bbox 281 3727 344 3801; x_wconf 91' lang='lat' dir='ltr'>hic</span> <span class='ocrx_word' id='word_1_164' title='bbox 370 3728 516 3800; x_wconf 80' lang='lat' dir='ltr'>fructus</span> <span class='ocrx_word' id='word_1_165' title='bbox 544 3725 686 3800; x_wconf 87' lang='lat' dir='ltr'>extitit:</span> <span class='ocrx_word' id='word_1_166' title='bbox 720 3727 811 3824; x_wconf 80' lang='lat'><strong>(83.)</strong></span> <span class='ocrx_word' id='word_1_167' title='bbox 843 3726 1041 3800; x_wconf 88' lang='lat' dir='ltr'>conversio</span> <span class='ocrx_word' id='word_1_168' title='bbox 1070 3726 1214 3801; x_wconf 86' lang='lat' dir='ltr'>scilicet</span> <span class='ocrx_word' id='word_1_169' title='bbox 1236 3725 1392 3824; x_wconf 85' lang='lat' dir='ltr'>juvenis</span> 
     </span>
     <span class='ocr_line' id='line_1_26' title="bbox 284 3853 1392 3954; baseline -0.002 -23"><span class='ocrx_word' id='word_1_170' title='bbox 284 3854 444 3953; x_wconf 81' lang='lat' dir='ltr'>Reginae</span> <span class='ocrx_word' id='word_1_171' title='bbox 472 3853 578 3927; x_wconf 92' lang='lat' dir='ltr'>illius</span> <span class='ocrx_word' id='word_1_172' title='bbox 606 3854 679 3927; x_wconf 91' lang='lat' dir='ltr'>loci</span> <span class='ocrx_word' id='word_1_173' title='bbox 710 3854 854 3952; x_wconf 85' lang='lat' dir='ltr'>oppidi,</span> <span class='ocrx_word' id='word_1_174' title='bbox 882 3881 1022 3953; x_wconf 89' lang='lat' dir='ltr'>nempe</span> <span class='ocrx_word' id='word_1_175' title='bbox 1051 3856 1127 3954; x_wconf 89' lang='lat' dir='ltr'>ipsi</span> <span class='ocrx_word' id='word_1_176' title='bbox 1157 3855 1277 3930; x_wconf 87' lang='lat' dir='ltr'>fluvio</span> <span class='ocrx_word' id='word_1_177' title='bbox 1308 3881 1392 3953; x_wconf 83' lang='lat' dir='ltr'>cog·</span> 
     </span>
     <span class='ocr_line' id='line_1_27' title="bbox 283 3983 1393 4083; baseline -0.003 -23"><span class='ocrx_word' id='word_1_178' title='bbox 283 3984 452 4060; x_wconf 92' lang='lat' dir='ltr'>nominis</span> <span class='ocrx_word' id='word_1_179' title='bbox 497 3983 654 4081; x_wconf 87' lang='lat' dir='ltr'>ejusque</span> <span class='ocrx_word' id='word_1_180' title='bbox 698 3983 851 4058; x_wconf 87' lang='lat' dir='ltr'>matris:</span> <span class='ocrx_word' id='word_1_181' title='bbox 890 3985 1048 4082; x_wconf 85' lang='lat' dir='ltr'>juvenis</span> <span class='ocrx_word' id='word_1_182' title='bbox 1092 3985 1187 4060; x_wconf 85' lang='lat' dir='ltr'>item</span> <span class='ocrx_word' id='word_1_183' title='bbox 1232 3984 1393 4083; x_wconf 83' lang='lat' dir='ltr'>Reginae</span> 
     </span>
     <span class='ocr_line' id='line_1_28' title="bbox 284 4112 1393 4212; baseline -0.004 -22"><span class='ocrx_word' id='word_1_184' title='bbox 284 4116 517 4191; x_wconf 89' lang='lat' dir='ltr'>Portobacco</span> <span class='ocrx_word' id='word_1_185' title='bbox 558 4112 687 4186; x_wconf 90' lang='lat' dir='ltr'>uxoris</span> <span class='ocrx_word' id='word_1_186' title='bbox 729 4115 969 4212; x_wconf 88' lang='lat' dir='ltr'>duorumque</span> <span class='ocrx_word' id='word_1_187' title='bbox 1009 4114 1220 4188; x_wconf 88' lang='lat' dir='ltr'>liberorum</span> <span class='ocrx_word' id='word_1_188' title='bbox 1260 4113 1393 4211; x_wconf 84' lang='lat' dir='ltr'>magni</span> 
     </span>
     <span class='ocr_line' id='line_1_29' title="bbox 284 4242 1394 4346; baseline -0.005 -25"><span class='ocrx_word' id='word_1_189' title='bbox 284 4247 419 4346; x_wconf 85' lang='lat' dir='ltr'>Tayac,</span> <span class='ocrx_word' id='word_1_190' title='bbox 456 4251 499 4318; x_wconf 90' lang='lat' dir='ltr'>ut</span> <span class='ocrx_word' id='word_1_191' title='bbox 532 4243 608 4341; x_wconf 91' lang='lat' dir='ltr'>ipsi</span> <span class='ocrx_word' id='word_1_192' title='bbox 642 4249 791 4336; x_wconf 78' lang='lat' dir='ltr'>vocant,</span> <span class='ocrx_word' id='word_1_193' title='bbox 827 4244 898 4317; x_wconf 93' lang='lat' dir='ltr'>hoc</span> <span class='ocrx_word' id='word_1_194' title='bbox 938 4251 997 4318; x_wconf 91' lang='lat' dir='ltr'>est</span> <span class='ocrx_word' id='word_1_195' title='bbox 1035 4243 1292 4342; x_wconf 86' lang='lat' dir='ltr'>imperatoris,</span> <span class='ocrx_word' id='word_1_196' title='bbox 1328 4242 1394 4340; x_wconf 92' lang='lat' dir='ltr'>qui</span> 
     </span>
     <span class='ocr_line' id='line_1_30' title="bbox 286 4371 1395 4472; baseline -0.005 -22"><span class='ocrx_word' id='word_1_197' title='bbox 286 4373 481 4472; x_wconf 88' lang='lat' dir='ltr'>superiore</span> <span class='ocrx_word' id='word_1_198' title='bbox 510 4397 610 4446; x_wconf 84' lang='lat' dir='ltr'>anno</span> <span class='ocrx_word' id='word_1_199' title='bbox 639 4371 721 4447; x_wconf 83' lang='lat' dir='ltr'>vita</span> <span class='ocrx_word' id='word_1_200' title='bbox 750 4373 903 4446; x_wconf 84' lang='lat' dir='ltr'>functus</span> <span class='ocrx_word' id='word_1_201' title='bbox 934 4379 1008 4464; x_wconf 82' lang='lat' dir='ltr'>est3</span> <span class='ocrx_word' id='word_1_202' title='bbox 1040 4372 1206 4448; x_wconf 88' lang='lat' dir='ltr'>aliorum</span> <span class='ocrx_word' id='word_1_203' title='bbox 1236 4373 1395 4469; x_wconf 90' lang='lat' dir='ltr'>insuper</span> 
     </span>
    </p>
   </div>
   <div class='ocr_carea' id='block_1_3' title="bbox 0 0 1700 5346">
    <p class='ocr_par' dir='ltr' id='par_1_3' title="bbox 0 0 1700 5346">
     <span class='ocr_line' id='line_1_31' title="bbox 0 0 1700 5346; baseline 0 0"><span class='ocrx_word' id='word_1_204' title='bbox 0 0 1700 5346; x_wconf 95' lang='lat' dir='ltr'> </span> 
     </span>
    </p>
   </div>
  </div>
 </body>
</html>
