3348 5346
784 505 831 579 19

255 761 347 859 (non
377 760 482 834 enim
509 760 623 858 longe
659 761 806 860 aberat)
838 760 1011 836 vicinum
1042 761 1169 836 subito
1199 761 1366 860 compel-

252 891 319 983 lat,
355 888 455 963 nihil
490 895 621 963 tamen
663 914 759 987 opus
794 888 954 987 reperit:
1000 892 1049 964 ad
1088 889 1209 965 alium
1247 890 1367 988 igitur

252 1017 383 1110 currit,
411 1015 479 1091 ubi
514 1018 610 1091 duos
637 1017 880 1092 solummodo
907 1043 985 1092 una
1012 1017 1115 1093 irent
1142 1018 1302 1111 invenit,
1330 1024 1369 1092 et

252 1146 343 1221 licet
364 1152 446 1220 toto
470 1146 543 1220 hoc
565 1152 741 1244 tempore
768 1148 921 1221 arderet
946 1146 1059 1245 ignis,
1083 1149 1295 1245 domusque
1321 1171 1368 1220 ex

253 1273 447 1349 asseribus
483 1273 591 1347 siccis
626 1280 727 1358 esset
760 1280 987 1367 constructa,
1023 1274 1131 1372 prius
1166 1281 1297 1349 tamen
1332 1273 1367 1348 ei

254 1405 490 1479 subventum
526 1408 594 1495 est,
620 1427 737 1501 quam
765 1401 1000 1477 incommodi
1035 1402 1247 1500 quidquam
1281 1427 1367 1500 gra·

253 1531 373 1605 vioris
402 1529 601 1604 accideret.
654 1529 859 1604 Timebant
889 1527 1068 1603 nonnulli
1098 1554 1146 1602 ne
1177 1523 1275 1602 casu
1297 1527 1369 1602 hoc

254 1658 457 1757 inopinato
479 1683 502 1732 a
523 1656 773 1732 conversione
797 1658 1048 1732 deterrendus
1072 1662 1182 1730 esset.
1235 1655 1368 1753 Longe

254 1797 386 1863 tamen
422 1795 529 1862 secus
571 1785 710 1860 evenit.
781 1785 907 1860 Domo
943 1784 1047 1860 enim
1085 1786 1367 1883 propemodum

254 1917 390 2010 illaesa,
426 1921 700 2013 argumentum
735 1914 826 1990 inde
861 1913 1030 2012 sumpsit
1063 1913 1136 1988 Dei
1171 1913 1246 1988 sibi
1280 1938 1367 2011 pro·

255 2046 354 2145 pilii,
382 2070 572 2143 suumque
598 2043 841 2142 propositum
867 2042 1072 2117 manifesto
1099 2041 1240 2117 indicio
1267 2067 1367 2116 com·

255 2173 468 2273 probantis.
535 2174 662 2261 Quare
698 2177 916 2269 susceptam
950 2169 1067 2245 fidem
1102 2195 1189 2244 cum
1224 2169 1368 2268 insigni
1459 2225 1462 2230 n

255 2327 410 2377 morum
444 2300 660 2375 mutatione
691 2300 938 2398 conjungens,
966 2298 1242 2374 suavissimum
1273 2297 1364 2396 (79.)

255 2430 347 2504 boni
373 2429 540 2528 exempli
565 2431 721 2503 odorem
745 2428 786 2502 in
809 2453 873 2503 eos
897 2427 963 2526 qui
990 2453 1077 2501 oum
1103 2427 1188 2525 ipso
1214 2451 1367 2501 versan-

255 2565 320 2632 tur
347 2557 541 2632 diffundit.

307 2684 476 2773 Quidam
505 2710 592 2758 cum
621 2684 694 2759 Dei
723 2686 911 2782 quosdam
942 2684 1144 2758 interiores
1175 2683 1367 2781 impulsus

257 2813 420 2888 senserit
450 2815 500 2888 ad
529 2803 657 2906 fidem,
685 2813 873 2911 spaerulas
904 2812 979 2887 sibi
1006 2812 1252 2911 praecatorias
1280 2837 1366 2886 con-

257 2942 488 3041 quisiverat:
533 2951 573 3017 at
607 2950 741 3041 postea
781 2949 930 3017 mutato
972 2943 1101 3017 animo
1137 2944 1291 3017 easdem
1326 2941 1367 3016 in

257 3073 459 3171 pulverem
489 3080 667 3148 contusas
695 3075 799 3148 tubae
826 3099 1019 3149 unacum
1048 3100 1115 3149 suo
1144 3075 1297 3150 tobacco
1326 3073 1367 3148 in

256 3201 407 3276 fumum
433 3202 623 3277 resolutas
646 3202 802 3277 haurire
828 3204 1038 3297 consuevit,
1061 3229 1165 3302 soepe
1184 3205 1368 3302 jactitans

257 3353 331 3426 quo
358 3329 456 3403 facto
484 3354 553 3404 sua
579 3330 665 3404 Ave
691 3330 821 3404 Maria
851 3331 920 3428 (sic
945 3332 1050 3406 enim
1076 3333 1253 3430 globulos
1279 3333 1368 3408 illos

256 3455 459 3550 vocitabat,
479 3481 643 3554 quorum
665 3459 715 3532 ad
739 3484 945 3532 numerum
972 3459 1160 3557 Angelioa
1186 3460 1367 3534 salutatio

256 3584 454 3684 recitatur)
484 3588 711 3660 comederet.
763 3587 820 3660 At
845 3613 922 3661 uon
950 3587 1017 3662 diu
1038 3587 1210 3662 vindicta
1235 3587 1369 3662 divina

257 3713 460 3788 scelestum
494 3713 642 3788 facinus
676 3714 845 3790 inultum
880 3716 1048 3815 reliquit.
1111 3717 1228 3791 Anno
1263 3717 1367 3791 enim

256 3841 417 3917 vixdum
445 3843 587 3941 elapso,
611 3845 796 3920 redeunte
821 3845 927 3920 illius
956 3845 1032 3920 diei
1059 3845 1263 3944 pervigilio
1293 3873 1367 3944 quo

256 3970 498 4069 propositum
533 3971 788 4070 suscipiendae
819 3973 1027 4048 Catholicae
1057 3973 1147 4049 fidei
1178 3975 1368 4072 abjecerat

256 4099 494 4196 petulantius
534 4126 652 4199 quarn
687 4102 783 4176 alias
818 4128 989 4201 unquam
1033 4103 1164 4200 (prout
1198 4128 1221 4176 a
1256 4103 1367 4178 sociis

256 4230 571 4306 animadversum
597 4234 669 4330 est)
700 4233 930 4331 sacrilegum
955 4258 1125 4307 scomma
1152 4233 1366 4331 usurpavit.

256 4359 530 4436 Pomeridiano
551 4360 671 4460 igitur
694 4369 868 4461 tempore
889 4387 976 4437 cum
1000 4362 1160 4437 natandi
1181 4388 1296 4438 causa
1318 4365 1367 4438 ad
