3402 5360
852 517 900 600 37

318 739 583 838 Sasqactanoes
616 763 711 837 gens
745 738 859 814 bellis
898 745 1062 833 assueta,
1097 736 1197 836 Regi
1228 737 1432 836 yoocomico

318 892 400 966 prae
418 867 553 944 ceteris
571 867 721 961 infesta,
741 868 1008 968 frequentibus
1026 865 1258 959 incursibuS,
1275 890 1430 940 omnem

319 996 579 1095 depopulatur
608 1019 758 1094 agrum,
790 1003 829 1071 et
856 995 1014 1090 incolae,
1047 998 1098 1072 ad
1128 994 1225 1070 alias
1256 1015 1430 1096 quaeren-

320 1129 389 1202 das
420 1128 529 1201 sedes
564 1125 728 1224 periculi
760 1133 868 1201 metu
899 1125 1040 1225 adegit.
1105 1126 1202 1202 Haec
1233 1117 1434 1199 causaest

319 1280 399 1348 cur,
426 1255 507 1330 tam
540 1255 719 1352 prompte
756 1260 908 1351 partem
946 1255 1029 1352 ejus
1057 1253 1169 1352 regni
1205 1251 1430 1351 impetravi·

319 1409 419 1459 mue.
490 1383 571 1458 Deo
606 1383 711 1456 viam
749 1380 845 1480 Legi
886 1407 966 1456 suae
1003 1389 1042 1456 et
1078 1379 1239 1456 Lumini
1275 1385 1431 1472 aeterno,

225 1521 226 1524 ’
319 1513 381 1588 his
408 1511 667 1605 adminiculiS,
694 1510 903 1609 aperiente,
929 1510 1102 1609 migrant
1128 1510 1196 1586 alii
1222 1516 1337 1610 atquo
1364 1508 1445 1616 alii

319 1641 503 1740 quotidie,
531 1641 718 1740 nobisque
743 1640 973 1739 relinquunt
999 1643 1144 1734 domos,
1165 1627 1432 1739 agroq'nova-

320 1771 384 1846 lia.
455 1771 503 1845 Id
546 1771 716 1868 profecti>
756 1770 943 1844 miraculo
983 1769 1111 1845 simile
1150 1777 1218 1862 est,
1254 1767 1431 1843 homines

318 1901 517 1989 barbarea,
545 1898 678 1998 paucis
709 1901 799 1976 ante
826 1900 974 1994 dieburr,
1002 1899 1043 1973 in
1070 1899 1190 1974 armis
1222 1897 1431 1973 adversum

321 2054 390 2104 nos
434 2035 590 2126 paratos
633 2029 714 2102 tam
762 2027 874 2102 facilb
917 2054 958 2102 se
1005 2027 1116 2103 nobis
1160 2027 1270 2104 velut
1311 2050 1431 2124 agnos

321 2161 557 2261 permittere,
594 2159 705 2234 nobis
749 2186 801 2254 se,
842 2187 989 2270 suaque
1032 2163 1196 2237 tradere.
1274 2159 1431 2257 Digitus

322 2291 395 2368 Dei
428 2297 487 2366 est
520 2290 603 2381 hic;
640 2297 678 2364 et
708 2315 896 2388 magnum
932 2289 1090 2390 aliquod
1125 2271 1432 2366 emolumentum

321 2419 411 2496 huic
459 2417 619 2492 Nationi
655 2417 867 2492 meditatur
917 2419 1035 2493 Deus.
1113 2417 1253 2494 Paucis
1299 2423 1431 2490 tamen

321 2549 556 2648 quibusdam
582 2545 824 2644 permittitur
850 2571 921 2621 sna
948 2547 1051 2622 inter
1077 2573 1147 2622 nos
1174 2545 1364 2622 habitatio
1390 2545 1431 2618 in

321 2705 468 2756 annum
497 2677 731 2776 proximum.
794 2679 893 2761 Tirm
923 2681 1015 2754 verb
1046 2680 1145 2755 liber·
1174 2679 1284 2755 nobis
1313 2678 1430 2753 relin-

321 2811 498 2908 quendus
527 2815 586 2882 est
613 2833 716 2906 ager.

372 2937 574 3036 Indigenae
598 2939 749 3011 statura
774 2944 867 3012 sunt
894 2941 1054 3036 proceret
1080 2947 1118 3014 et
1144 2939 1315 3030 decenti3
1345 2943 1432 3011 oute

321 3069 344 3142 ai
372 3066 870 3164 natu1·at,subfuscb,quam
895 3067 1020 3142 colore
1044 3068 1275 3166 plerumque
1299 3067 1431 3158 rubeo,

321 3195 443 3270 mixto
477 3195 572 3286 oleo,
608 3193 832 3287 inficientes,
865 3202 910 3270 ut
945 3196 1085 3272 culices
1120 3203 1287 3289 arceant,
1323 3195 1430 3270 tetri·

322 3349 428 3398 orem
458 3325 638 3414 reddunt,
666 3323 867 3396 commodo
894 3347 963 3397 suo
995 3324 1120 3422 magis
1147 3323 1287 3400 intenti
1313 3347 1432 3422 quam

322 3451 461 3528 decori.
524 3451 691 3528 Vultum
722 3449 809 3527 aliis
838 3450 956 3526 etiam
987 3453 1180 3548 coloribus
1209 3456 1431 3550 deturpant,

322 3585 345 3657 ai
375 3606 468 3656 naso
503 3581 671 3672 sursirm,
704 3578 870 3673 caerulei,
903 3561 1084 3658 deor'siam
1120 3581 1340 3674 rubicundi,
1369 3581 1432 3655 vel

322 3737 342 3786 e
393 3711 537 3802 contra,
582 3708 713 3800 variiS,
760 3715 799 3784 et
851 3733 944 3785 sane
996 3713 1121 3807 foedio,
1177 3711 1432 3809 terrificisque

321 3842 466 3920 morlia
536 3842 588 3919 Et
624 3839 808 3943 quoniam
846 3842 979 3938 borbat,
1016 3845 1056 3920 in
1093 3847 1273 3923 ultimam
1309 3846 1430 3944 prope
