3328 5352
863 556 912 634 57

322 768 489 867 jacebat,
526 770 724 853 dormiret.
795 771 1063 849 Nihilominus
1098 778 1276 852 sacerdos
1311 802 1445 855 omncs

328 907 488 1000 captans
524 902 664 996 editoe,
698 909 807 978 nocte
842 902 1087 1002 intempesta,
1120 906 1209 981 cinn
1244 911 1445 984 custodem

329 1054 464 1106 somno
492 1029 660 1106 maxime
686 1057 916 1130 oppressum
943 1011 1135 1128 credebat,
1154 1035 1260 1110 viam
1279 1035 1442 1131 invenit,

328 1161 397 1237 illo
415 1187 492 1237 non
518 1163 693 1257 excitato,
713 1165 764 1238 ad
787 1163 988 1239 infirmum
1015 1166 1257 1264 penetrandi,
1277 1193 1444 1267 eumque

327 1291 524 1368 volentem
555 1292 596 1367 in
628 1292 841 1369 Ecclesiam
873 1292 1044 1369 admisit.
1108 1295 1162 1369 Et
1192 1295 1372 1393 quamvis
1400 1295 1442 1371 in

326 1419 407 1495 illis
442 1420 633 1519 angustiis
665 1446 741 1496 non
777 1421 948 1497 multum
983 1429 1115 1520 posset
1148 1447 1252 1521 aeger
1285 1423 1440 1518 instrui,

329 1555 398 1624 aut
440 1551 675 1649 magnopere
718 1550 950 1644 confirmari,
987 1557 1130 1644 tamen,
1167 1555 1256 1626 cum
1299 1560 1443 1651 praeter

328 1703 483 1754 omnem
525 1703 635 1778 spem
671 1681 694 1754 a
728 1679 920 1779 Chirurgo
965 1687 1098 1756 nostro
1133 1687 1293 1756 sanatus
1328 1690 1439 1776 esset,

328 1806 463 1882 divina
486 1808 724 1906 praevalente
746 1809 873 1907 gratia
896 1807 1026 1907 potiris
1045 1808 1163 1908 elegit
1184 1809 1352 1908 hospitio
1371 1836 1440 1886 suo

327 1935 424 2035 ejici,
444 1939 561 2037 quam
587 1944 797 2014 retractare
815 1940 919 2036 quod
945 1939 1108 2031 fecerat3
1136 1937 1231 2037 quin
1253 1939 1440 2028 etiamad

327 2091 397 2140 nos
416 2066 518 2142 ultro
537 2066 708 2161 veniens,
727 2067 943 2165 incoeptum
961 2092 1060 2166 opus
1081 2067 1245 2143 feliciter
1267 2061 1437 2166 perfecit.

377 2195 515 2270 Alium
533 2198 753 2294 quemdam,
774 2197 914 2271 unuse
938 2196 1093 2271 Nostris
1112 2199 1162 2273 ad
1184 2198 1437 2273 orthodoxam

327 2325 443 2400 fidem
470 2324 585 2399 nixus
611 2326 813 2419 adducere,
832 2325 998 2424 rejectus
1024 2333 1083 2401 est
1109 2328 1158 2402 ab
1185 2326 1254 2402 illo
1279 2351 1436 2426 respon·

327 2453 462 2528 dente:
502 2457 641 2552 “quod
671 2455 844 2530 vovisset
873 2481 914 2530 se
945 2458 1148 2555 nunquam
1179 2458 1295 2533 fidem
1327 2457 1437 2532 illam

326 2582 638 2680 amplexurum.’'
692 2585 816 2659 Paulo
842 2591 931 2683 post
954 2585 995 2658 in
1022 2587 1204 2660 morbum
1231 2585 1294 2662 hic
1320 2585 1438 2660 miser

325 2709 474 2804 incidit,
506 2717 545 2786 et
573 2713 694 2811 prope
726 2715 776 2788 ad
806 2719 979 2788 extrema
1010 2715 1199 2789 deductus
1230 2721 1299 2807 est,
1332 2721 1435 2789 ante·

326 2840 443 2938 quam
496 2839 613 2916 Pater
656 2842 703 2917 de
750 2841 957 2940 aegrotanti
1000 2849 1235 2936 moneretur,
1280 2843 1437 2919 advolat

325 2975 457 3043 tamen
483 2967 551 3044 ille
576 2969 751 3064 festinus
771 2977 810 3061 et
835 2969 1035 3068 privatum
1054 2969 1161 3045 omni
1184 2987 1305 3046 ‘sensu
1331 2969 1435 3045 infir·

325 3122 446 3191 mum,
490 3097 705 3196 spirantem
747 3105 878 3175 tamen
921 3097 1087 3197 reperit3
1131 3105 1265 3175 monet
1305 3098 1437 3197 itaque

325 3233 521 3304 curatores
549 3234 592 3303 ut
618 3227 849 3303 nutrimenti
875 3225 1026 3326 aliquid
1051 3225 1368 3324 perintervalla,
1394 3225 1434 3301 in

325 3375 378 3448 oo,
414 3380 517 3454 aegro
552 3355 756 3449 instillent,
792 3359 1006 3452 vocantque
1041 3377 1092 3445 se,
1128 3351 1162 3427 si
1197 3354 1352 3451 quando
1386 3353 1436 3428 ad

325 3507 460 3560 sensus
495 3485 563 3560 ille
593 3484 748 3561 rediret.
814 3485 979 3559 Factum
1010 3480 1051 3556 id
1086 3481 1275 3580 postridie
1309 3484 1434 3577 mant,
