3348 5346
842 498 891 572 28

307 753 394 852 ipsa
410 752 552 828 clarius
574 759 785 852 perspecta,
805 753 845 828 in
868 759 1043 830 nostram
1061 753 1295 829 sententiam
1313 752 1424 828 facile

308 905 535 974 concessere,
555 887 594 956 00
610 881 806 979 plerisque
824 881 942 956 ctiam
960 881 1080 956 laicis
1120 881 1323 956 Coronidis
1341 881 1423 955 loco

307 1011 407 1086 illud
425 1013 537 1104 addc,
550 1013 646 1086 duos
664 1011 761 1086 alios
774 1019 947 1087 recenter
960 1013 1035 1086 huc
1052 1037 1100 1086 ex
1117 1010 1264 1110 Anglia
1281 1035 1423 1108 magno

307 1142 445 1217 solatio
470 1149 601 1216 nostro
626 1141 840 1236 advenisse,
860 1149 949 1240 post
972 1141 1263 1240 navigationem
1284 1141 1422 1215 moles·

306 1277 388 1346 tam
429 1271 719 1370 quatuordecim
759 1271 1104 1364 hebdomodarum,
1144 1295 1232 1345 cum
1277 1269 1422 1368 alioqui

308 1425 384 1474 non
403 1401 525 1475 soleat
542 1425 624 1474 esse
642 1399 717 1474 nisi
736 1425 803 1474 sex
817 1400 878 1475 vel
896 1406 993 1474 octo.
1045 1400 1121 1474 Sed
1139 1400 1187 1474 de
1205 1397 1253 1472 iis
1271 1422 1421 1472 eorum-

307 1554 381 1627 que
415 1529 613 1604 laboribus
648 1554 691 1603 ac
725 1530 853 1604 fructu
888 1529 996 1623 alias,
1039 1528 1072 1603 si
1114 1529 1220 1603 Deus
1260 1527 1421 1603 dederit.

306 1659 515 1755 Speramus
551 1657 709 1754 quidem
744 1683 833 1733 eum
868 1660 950 1734 fore
984 1659 1195 1757 copiosum,
1231 1665 1421 1757 quantum

307 1785 489 1884 augurari
513 1785 602 1860 licet
628 1812 674 1861 ex
697 1773 831 1862 eorum
858 1788 1019 1882 fervore,
1042 1787 1337 1886 animorumque
1364 1788 1420 1862 in·

306 1921 366 1990 ter
392 1939 525 1989 omnes
552 1914 813 2008 consensione,
841 1941 929 1990 cum
957 1915 1058 1992 illud
1084 1915 1344 1990 certissimum
1371 1915 1423 1990 sit

307 2047 405 2143 Ejus
431 2045 472 2119 in
501 2044 611 2119 nobis
638 2044 837 2120 existentis
863 2045 1063 2138 indicium,
1088 2045 1155 2145 qui
1182 2052 1241 2120 est
1266 2070 1422 2121 summa

307 2201 417 2268 unua,
444 2173 639 2273 totiusque
666 2174 827 2250 unitatis
853 2175 1102 2274 principium.

361 2306 451 2404 (90.)
481 2307 530 2380 A.
551 2305 599 2380 D.
629 2306 737 2380 1654.
801 2306 849 2379 10
885 2305 1177 2405 Marylandiam
1212 2305 1284 2378 hoc
1317 2330 1419 2379 anno

308 2435 522 2510 destinatus
554 2435 598 2508 P.
626 2434 854 2508 Franciscus
883 2433 1129 2509 Fitzherbert
1162 2435 1326 2508 arduam
1357 2459 1418 2507 ex·

306 2563 555 2662 peditionem,
581 2569 620 2638 et
644 2562 882 2637 laboriosum
909 2569 1025 2661 atque
1050 2561 1307 2659 longinquum
1334 2561 1418 2655 iter,

306 2692 407 2766 inter
430 2692 582 2790 ignotos
606 2690 783 2766 homines
804 2691 977 2766 moribus
1002 2717 1045 2766 00
1068 2690 1256 2789 religione
1280 2689 1418 2765 discre-

306 2829 454 2919 pantes,
474 2821 557 2896 sine
575 2820 724 2914 comite,
743 2820 933 2918 singulari
955 2821 1076 2896 animi
1094 2820 1364 2919 magnitudine
1382 2827 1421 2894 et

306 2950 514 3043 alacritate,
534 2953 583 3025 ad
601 2949 774 3048 primum
792 2949 1047 3026 moderatoris
1066 2956 1204 3024 nutum
1223 2949 1419 3047 ingressus

306 3086 374 3154 est.
427 3080 466 3154 N
468 3105 509 3154 ec
530 3079 653 3155 defuit
672 3086 753 3154 toto
775 3079 913 3155 itinere
935 3106 982 3155 ex
1001 3079 1142 3156 fiducia
1162 3079 1204 3154 in
1226 3079 1353 3154 Deum
1381 3086 1419 3154 et

306 3207 494 3304 patientia
511 3207 665 3305 copiosa
678 3207 719 3282 in
737 3207 921 3282 meritum
936 3233 1053 3306 seges.
1108 3209 1282 3297 Quatuor
1300 3207 1418 3282 simul

305 3336 453 3434 Anglia
476 3337 676 3412 solverunt
693 3336 860 3435 navigia,
880 3363 977 3436 quae,
997 3337 1251 3412 occidentales
1268 3337 1417 3411 insulas

305 3474 557 3564 praetervecta
597 3474 707 3541 atrox
746 3466 892 3565 accepit
935 3474 1156 3564 tempestas
1199 3474 1238 3541 et
1277 3491 1417 3540 navem

305 3596 461 3694 quidem
485 3621 562 3694 qua
586 3597 703 3671 Pater
724 3597 947 3688 vehebatur,
970 3603 1052 3670 tam
1073 3595 1235 3670 violenti
1260 3621 1415 3694 quassa-

304 3730 397 3798 runt
421 3722 571 3816 fluctus
597 3731 640 3798 ut
665 3724 857 3823 frequenti
882 3724 998 3799 ruina
1022 3724 1214 3817 fatiscens,
1240 3724 1415 3822 deplora·

304 3861 385 3927 tam
407 3878 505 3950 pene
526 3854 697 3928 traheret
721 3853 926 3928 sentinam.
979 3853 1190 3928 Enimvero
1215 3854 1417 3950 egerendas

305 3981 652 4080 exhauriendaeque
666 4007 786 4080 aquae,
802 3982 980 4080 quaterni
995 3981 1113 4056 simul
1134 3982 1322 4074 homines,
1338 4007 1416 4056 non

305 4139 325 4188 o
344 4112 497 4187 nautica
515 4113 640 4186 solum
654 4113 779 4205 turba,
795 4113 862 4186 sed
880 4111 998 4185 etiam
1017 4117 1226 4202 vectorum,
1246 4135 1316 4184 sua
1333 4109 1416 4209 qui-

305 4267 379 4340 que
405 4241 498 4332 vioe,
527 4243 576 4315 ad
602 4247 754 4314 vastam
786 4239 950 4313 antliam
978 4245 1213 4336 perpetuum
1243 4238 1416 4311 laborem

305 4371 386 4447 dies
405 4396 448 4443 00
466 4377 595 4444 noctes
614 4369 843 4443 exudabant.
897 4367 1024 4456 Quare
1048 4373 1284 4442 commutato
1303 4391 1419 4440 cursu
