3402 5360
882 453 1041 570 11‘

348 717 432 786 tare
462 735 503 786 se
535 710 714 787 Londinc
747 711 932 786 nuncium
964 717 1003 786 et
1033 710 1196 802 litteras,
1230 716 1346 808 atque
1377 707 1462 783 idel>

349 865 480 916 moras
502 839 620 915 etiam
647 846 799 915 nectere
824 839 1071 915 videbantur.
1134 839 1211 912 Sed
1243 838 1349 912 Deus
1376 861 1461 911 con·

349 969 438 1044 eilia
464 968 620 1044 diversa
645 968 814 1067 abrupit.
868 969 1018 1044 Eadem
1044 966 1190 1066 quippe
1217 973 1328 1042 nocte
1355 975 1486 1064 pros-'

349 1123 442 1198 perc
481 1099 549 1173 sed
588 1097 720 1173 valido
754 1097 874 1172 fiante
913 1103 1040 1190 vento,
1074 1097 1245 1172 Lenibus
1286 1095 1462 1172 Gallicus

354 1226 437 1326 (qui
471 1228 606 1303 eodem
646 1233 762 1324 portu
796 1225 997 1302 nobiscum
1033 1224 1273 1324 constiterat)
1312 1224 1463 1298 solvere

350 1363 515 1444 coactus¹
551 1357 672 1454 prope
715 1355 841 1430 abfuit
882 1355 923 1430 in
960 1361 1133 1430 nostram
1176 1353 1385 1430 celocem<²>
1420 1359 1464 1428 ut

350 1481 596 1582 impingeret.
674 1482 749 1556 Ille
791 1481 924 1581 igitur,
960 1507 1008 1558 ne
1051 1481 1365 1580 opprimeretur„
1385 1482 1463 1556 una

350 1610 514 1712 praecisa
540 1636 584 1686 ae
610 1611 812 1709 deperdita
837 1611 1006 1686 anchora
1032 1611 1120 1686 vela
1146 1612 1239 1686 dare
1265 1609 1461 1708 quampri-

352 1738 482 1829 1ndm3
521 1743 559 1812 et
589 1735 773 1834 quoniam
803 1738 848 1812 ed
878 1735 952 1811 loci
980 1735 1170 1811 fluctuare
1200 1734 1461 1834 periculosum

351 1874 445 1960 erat,
473 1865 513 1940 in
541 1891 648 1940 mare
674 1868 789 1963 porri)
815 1890 856 1940 se
882 1864 1078 1941 dimittere
1104 1864 1273 1941 festinat.
1326 1864 1463 1963 Itaque

351 2023 400 2072 ne
439 1995 575 2072 celcris
611 1995 733 2070 nostri
767 2004 1017 2096 conspectum
1056 1997 1318 2094 perderemus
1355 1993 1463 2093 sequi

352 2126 605 2219 decrevimus
633 2123 688 2201 ita
713 2152 801 2225 quae
827 2134 958 2202 nautae
984 2125 1025 2200 in
1057 2150 1127 2201 nos
1154 2125 1351 2224 agitarent
1376 2150 1461 2200 ecn-

352 2256 451 2349 silia‚
479 2263 572 2332 sunt
597 2254 797 2353 dissipata.
824 2254 965 2330 accidit
989 2253 1031 2331 id
1056 2257 1117 2332 23.
1141 2255 1375 2330 Novembris
1403 2253 1464 2329 die

352 2385 403 2460 8²⁰
421 2383 612 2460 Clementi
630 2385 738 2459 sacrat
755 2383 823 2483 qui
841 2384 1020 2460 anchorae
1039 2383 1223 2482 alligatus
1242 2380 1338 2457 etin
1358 2403 1464 2454 mare

352 2514 562 2606 demersus,
581 2535 762 2586 coronam
782 2510 961 2611 martyrii
979 2513 1143 2610 adeptus
1161 2516 1220 2585 est
1232 2517 1264 2583 ε*
1291 2507 1374 2581 “Et
1391 2506 1464 2580 iter

350 2641 520 2740 praebuit
545 2639 690 2740 popule
718 2646 831 2714 terrae
849 2647 893 2714 ut
918 2647 1100 2716 enarrent
1125 2637 1324 2714 mirabilia
1351 2635 1460 2711 Dei.”

293 2775 296 2784 “
400 2768 458 2842 Ec
484 2766 606 2865 igitur
624 2766 697 2859 die,
716 2765 859 2840 iteriim
885 2766 987 2841 circel
1011 2767 1200 2842 decimam
1225 2763 1461 2838 matutinam

350 2895 500 2973 festivis
518 2893 806 2994 explosionibus
825 2893 984 2970 salutati
1009 2897 1031 2970 a
1049 2895 1184 2970 Castro
1204 2894 1343 2983 Hurst,
1362 2915 1461 2988 prae-

350 3024 510 3102 tervecti
537 3048 672 3098 sumus
703 3023 922 3122 frequentes
953 3023 1131 3122 scopulos
1163 3024 1213 3098 ad
1244 3027 1462 3096 extremum

351 3153 491 3230 insulae
521 3153 664 3246 Vectee,
692 3176 788 3250 quos
819 3154 842 3227 a
872 3153 997 3227 format
1028 3179 1119 3228 acus
1149 3158 1301 3227 vocant.
1364 3149 1464 3224 Sunt

351 3290 481 3360 autem
509 3280 784 3380 navigantibus
810 3281 950 3356 terrori
981 3290 1141 3380 propter
1168 3278 1364 3378 duplicem
1391 3301 1461 3352 aes·

350 3424 436 3490 tum
463 3411 594 3506 maris,
621 3411 712 3486 hinc
742 3411 782 3486 in
809 3437 913 3505 saxa,
940 3411 1049 3487 illinc
1075 3412 1116 3486 in
1148 3410 1321 3485 vicinum
1352 3407 1464 3482 littus

422 3623 564 3673 crpinace.
890 3621 1033 3672 *Ecclesia
1046 3623 1074 3671 in
1087 3622 1175 3672 officio
1188 3621 1225 3672 Sl·
1240 3617 1396 3671 Clementis.
