3348 5346
763 517 808 590 11

228 771 374 846 dicavit
404 773 572 846 secunda
602 773 738 870 populi
770 773 1090 867 admurmuratio
1118 800 1235 873 quam
1266 777 1343 850 ilon

229 900 368 974 alienis
410 900 568 975 auribus
603 900 738 976 isthaec
778 901 940 976 audiret.
1004 902 1215 978 Enimvero
1256 929 1344 1002 spes

230 1055 386 1104 summa
410 1037 478 1123 est,
497 1029 648 1104 familia
672 1031 932 1129 Imperatoria
951 1031 1146 1131 baptismo
1168 1033 1343 1125 lustrata,

230 1157 405 1232 universi
439 1157 596 1257 imperii
636 1159 927 1234 conversionem
962 1159 1003 1234 in
1043 1159 1214 1258 proclive
1251 1162 1343 1235 fore.

232 1289 388 1363 Interea
411 1296 493 1363 tam
515 1290 605 1364 laeta
628 1315 758 1364 rerum
780 1289 972 1389 principia
996 1290 1078 1364 Deo
1102 1291 1346 1388 gratulamur

230 1417 418 1516 impense,
452 1420 543 1517 (69.)
574 1444 869 1517 recreamurque
896 1419 1100 1518 praecipue,
1130 1426 1345 1517 spectantes

232 1545 405 1643 quotidie
436 1570 480 1620 ea
511 1571 612 1620 nunc
643 1545 748 1622 idola
778 1547 952 1646 dynastis
983 1547 1221 1646 contemptui
1251 1573 1344 1641 esse,

231 1699 318 1771 quae
344 1699 467 1772 nuper
493 1672 534 1747 in
562 1674 733 1748 Deorum
760 1699 921 1749 numero
946 1676 1244 1772 reponebantur.

281 1802 375 1876 Alia
395 1827 457 1877 res
480 1829 557 1877 non
578 1803 676 1879 levis
700 1810 928 1896 memoratu,
948 1805 1230 1903 Imperatorem
1251 1805 1343 1902 bap·

231 1933 338 2006 tismi
368 1933 579 2033 cupiditate
600 1935 823 2032 jamjudum
848 1959 1048 2008 accensum
1075 1933 1346 2008 inflammabat

231 2060 370 2159 magis.
429 2061 551 2136 Indus
578 2061 749 2160 quidam,
771 2087 868 2136 caeso
894 2087 964 2160 per
990 2061 1175 2160 injuriam
1200 2061 1343 2159 Anglo,

118 2203 122 2210 ’
230 2189 431 2265 homicidii
462 2215 550 2265 reus
582 2193 777 2289 agebatur,
807 2198 845 2265 et
879 2191 997 2266 etiam
1028 2191 1111 2266 neci
1146 2193 1344 2266 dedendus

231 2326 324 2411 erat,
347 2345 391 2394 eo
418 2320 668 2418 potissimum
693 2328 879 2419 tempore,
899 2347 974 2419 quo
1001 2322 1183 2421 Tayacus‚
1206 2321 1345 2396 comite

233 2447 389 2541 P.Vit0,
426 2450 476 2522 ad
510 2448 700 2523 coloniam
735 2449 926 2524 veniebat.
1001 2448 1192 2524 Miserum
1227 2450 1344 2524 morti

232 2575 470 2650 destinatum
496 2577 759 2672 hortabamur,
785 2584 828 2652 ut
854 2576 1084 2651 Christianis
1111 2577 1228 2652 sacris
1255 2585 1344 2653 ante

232 2711 398 2778 mortem
426 2704 500 2780 rite
528 2706 726 2804 susceptis,
754 2714 909 2780 aeternae
937 2706 1078 2780 animae
1109 2705 1225 2780 saluti
1256 2731 1342 2780 con·

233 2835 378 2910 sultum
407 2835 536 2910 vellet.
595 2837 692 2910 Cum
719 2862 763 2911 ea
789 2836 830 2910 in
856 2861 898 2910 re
924 2835 1086 2910 minime
1112 2836 1218 2910 visus
1245 2844 1345 2910 esset

233 2963 428 3039 difficilem
449 2990 490 3039 se
513 2966 697 3062 praebere,
717 2971 905 3063 quantum
927 2990 996 3062 per
1017 2965 1205 3039 sermonis
1226 2965 1342 3039 facul-

231 3100 353 3168 tatem
379 3094 499 3188 licuit,
527 3094 755 3168 inclinatum
786 3093 956 3168 hominis
985 3094 1159 3168 animum
1188 3094 1228 3168 in
1257 3119 1342 3168 nos-

232 3228 335 3296 tram
370 3223 602 3297 sententiam
633 3249 784 3321 quoquo
816 3225 931 3298 modo
962 3222 1162 3320 impellere
1197 3223 1342 3298 niteba-

232 3377 331 3426 mur.
384 3352 513 3427 Sensit
538 3352 626 3450 puis
653 3353 872 3450 Imperator
900 3377 969 3426 nos
993 3353 1127 3450 lingua
1150 3353 1342 3444 laborare;

232 3506 351 3578 quare
386 3489 522 3578 sponte
561 3507 719 3580 operam
755 3481 895 3556 detulit
935 3507 1045 3556 suam
1083 3507 1153 3580 pro
1189 3483 1342 3580 negotio

232 3609 476 3684 conficiendo.
529 3611 665 3709 Neque
699 3611 766 3685 fidi
800 3618 953 3685 tantum
982 3611 1204 3708 interpretis
1233 3612 1342 3709 fungi

232 3763 392 3813 munere
414 3763 491 3812 non
513 3747 571 3814 est
596 3746 790 3837 gravatus,
809 3766 854 3814 ea
879 3739 964 3837 ipsa
988 3739 1137 3813 homini
1163 3739 1343 3838 ingerens

232 3895 319 3966 quae
343 3895 366 3943 a
387 3871 504 3945 Patre
522 3870 613 3944 Vito
638 3870 866 3944 inculcanda
887 3876 1093 3967 acceperat,
1113 3872 1180 3947 sed
1205 3873 1251 3946 de
1273 3897 1342 3945 suo

232 3998 350 4072 etiarn
375 3999 535 4072 nonulla
558 3998 697 4096 adjecit
722 4005 803 4072 tam
828 3997 1016 4096 apposita,
1040 4004 1197 4096 tamque
1221 4000 1341 4073 effica-

232 4127 300 4218 cia,
320 4135 363 4201 ut
383 4135 422 4201 et
447 4127 703 4224 praesentibus
728 4126 976 4201 admirationi
1000 4126 1125 4218 fuerit,
1149 4134 1187 4200 et
1212 4127 1341 4225 ipsum

232 4255 397 4353 denique
428 4256 572 4330 Indum
608 4257 657 4330 ad
692 4255 909 4329 Catholicos
944 4261 1074 4351 partes
1108 4255 1340 4329 traduxerit:

207 4383 297 4481 ¹qui
322 4382 482 4457 scientia
505 4383 719 4458 necessaria
741 4383 913 4458 imbutus
939 4385 1030 4481 (70.)
1052 4390 1091 4457 ct
1108 4407 1214 4456 sacro
1236 4383 1341 4457 fonte
