3402 5360
832 502 882 578 35

352 716 518 792 Interim
546 716 641 791 ditm
672 717 883 792 Praefectus
914 719 1019 815 apud
1055 713 1338 816 Imperatorem
1370 717 1411 791 in

302 844 441 920 itinere
458 850 527 938 est,
546 843 714 923 Barbari
732 846 782 921 ad
807 843 889 920 gum
906 845 1147 922 Clementem
1166 846 1412 922 audentiores

301 972 403 1066 faeti,
423 997 464 1048 se
489 971 676 1070 vigilibus
705 971 847 1048 nostris
874 972 1106 1048 familiariirs
1135 974 1411 1050 admiscebant.

302 1101 497 1178 Excubias
524 1101 629 1177 enim
654 1101 826 1178 interdiu
851 1103 1042 1202 noctuque
1066 1106 1289 1202 agebamus,
1314 1104 1411 1197 tum,
1456 1175 1459 1180 .

301 1237 345 1306 ut
378 1229 589 1328 lignatores
624 1235 787 1322 nostroe,
818 1229 904 1304 tinn
940 1238 984 1304 ut
1018 1231 1250 1328 aphracturn
1282 1256 1409 1330 quem,

301 1359 446 1435 tabulis
476 1359 668 1458 costisque
698 1357 868 1452 solutim,
901 1359 1077 1454 allatum,
1109 1361 1410 1453 aedificabamus,

302 1492 352 1566 ab
386 1490 611 1588 repentibus
654 1486 865 1563 insultibus
899 1494 1128 1566 tutaremur.
1205 1489 1412 1588 Voluptati

302 1627 386 1696 erat
403 1619 539 1698 audire
557 1617 796 1695 admirantes
814 1617 990 1716 singula3
1017 1617 1060 1693 in
1078 1619 1229 1717 primia,
1249 1619 1411 1694 ubinam

300 1759 498 1826 terrarum
525 1755 638 1826 tanta¹
661 1747 777 1822 arbor
794 1745 1027 1822 excrevisset
1052 1773 1099 1824 ex
1125 1749 1212 1848 quat,
1231 1751 1314 1824 tatm
1339 1748 1410 1822 im·

302 1904 436 1954 mensa
478 1878 600 1954 moles
643 1876 755 1952 navis
775 1875 1059 1980 *dedolaretum
1103 1877 1272 1954 excisam
1307 1877 1411 1952 enim

303 2007 596 2084 arbitrabantur
623 2030 738 2104 quem
770 2006 981 2080 admodum
1013 2005 1160 2082 Indicae
1187 2007 1338 2100 Oeneae,
1360 2031 1413 2080 ex

303 2162 381 2214 uno
423 2135 553 2234 aliquo
597 2132 746 2208 arboris
788 2138 934 2206 trunco.
1012 2133 1221 2208 Tormenta
1264 2135 1413 2232 majora

302 2265 486 2350 attonitos
521 2288 654 2339 omnes
693 2263 903 2354 tenebant;
943 2262 1049 2338 haud
1092 2264 1227 2362 paullo
1267 2263 1413 2362 qnippe

302 2394 496 2470 vocaliora
513 2399 624 2469 erant
649 2391 827 2468 stridulis
853 2391 1028 2490 ipsorum
1053 2396 1230 2489 arcubus,
1250 2403 1289 2470 et
1314 2394 1412 2468 toni-

301 2531 391 2600 truo
416 2523 540 2622 paria.
581 2596 589 2610 ,
901 2523 906 2532 ’

286 2705 287 2710 =
352 2655 576 2746 Praefectus,
596 2651 742 2726 socium
769 2650 920 2726 itineris
947 2653 1180 2728 adhibuerat
1206 2657 1256 2729 ad
1282 2655 1412 2754 Impe-

302 2791 471 2858 ratorem
506 2781 707 2858 Haaroam
743 2781 855 2874 aaa,
886 2780 1142 2879 Oapitaneum
1179 2810 1226 2858 ex
1261 2783 1311 2858 iis
1346 2783 1413 2883 qni

302 2915 343 2990 in
361 2913 544 3012 Virginiat
567 2919 876 2988 commorantur:
905 2913 1103 2990 hominem
1130 2917 1316 2993 Barbaris
1340 2918 1412 2993 im·

303 3043 442 3142 primis
476 3047 644 3142 gratum,
680 3047 720 3116 et
753 3040 901 3140 linguae
935 3042 1186 3145 locorumque
1228 3047 1411 3145 peritum.

304 3173 382 3248 Hic
421 3170 533 3246 initio
568 3169 679 3244 nobis
722 3171 1011 3268 perfamiliaris
1048 3174 1187 3252 deinde
1226 3177 1415 3276 Cluyboroi

303 3303 506 3401 cujusdam
531 3297 700 3374 sinistris
724 3301 906 3376 seductus
925 3302 1107 3397 consiliis,
1127 3303 1413 3380 infensissimus

304 3433 472 3525 effectus,
494 3429 768 3528 indigenarum
795 3429 1054 3530 animosque
1080 3440 1164 3508 arte
1189 3441 1327 3533 potest,
1347 3437 1412 3510 ad·

303 3562 461 3636 versum
489 3536 559 3634 nos
587 3557 772 3634 accendit.
826 3558 991 3634 Interim
1018 3546 1162 3657 tamen,
1190 3563 1282 3639 dirm
1311 3563 1414 3638 inter

305 3715 374 3765 nos
418 3687 565 3764 amicus
600 3693 741 3784 ageret,
778 3689 909 3763 sedem
954 3690 1141 3767 Praefecto
1181 3692 1416 3768 monstravit
