3348 5346
846 477 895 549 26

312 733 402 808 fidei
420 732 548 831 capita
565 731 767 831 percurrit,
783 757 826 806 ao
844 731 976 806 dolore
990 739 1233 830 peccatorum
1254 731 1427 824 excitato,

313 863 395 960 ejus
430 861 709 936 confessionem
745 861 906 958 accepit:
943 861 1083 937 deiude
1122 861 1213 960 (87.)
1253 862 1428 936 animum

313 989 396 1086 ejus
425 1014 493 1086 spe
519 1013 562 1062 ao
587 986 727 1062 fiducia
755 986 795 1060 in
823 987 951 1061 Deum
979 987 1141 1085 erigens,
1168 986 1428 1084 Evangelium

314 1118 417 1214 quod
444 1141 560 1214 super
584 1121 749 1213 aegrotos
776 1115 853 1212 legi
878 1115 986 1209 solet,
1006 1141 1155 1190 necnon
1181 1114 1357 1190 Litanias
1382 1115 1428 1188 B.

314 1245 491 1344 Virginis
520 1245 760 1318 Lauretanas
788 1243 975 1337 recitavit,
1003 1244 1208 1342 docuitque
1235 1243 1428 1318 sanctissi-

314 1374 389 1449 mis
417 1374 500 1471 ejus
528 1373 706 1472 precibus
732 1398 772 1447 se
801 1375 1082 1467 commendare,
1108 1373 1427 1448 sacratissimum-

315 1529 389 1601 que
416 1503 511 1576 Jesu
537 1527 678 1576 nomen
705 1501 788 1576 sine
815 1501 1101 1577 intermissione
1128 1503 1348 1576 inclamare.

366 1630 516 1705 Deinde
543 1631 661 1704 Pater
690 1629 859 1728 reliquas
886 1631 1021 1704 Sacros
1047 1631 1136 1704 smc
1163 1630 1306 1723 Crucis
1333 1655 1428 1728 quas

315 1761 356 1834 in
390 1760 502 1834 theca
535 1761 586 1833 ad
620 1759 763 1833 collum
798 1780 989 1856 appensas
1024 1762 1210 1858 gestabat,
1247 1762 1315 1835 sed
1344 1761 1428 1858 jam

317 1892 546 1980 detraxerat,
565 1890 616 1962 ad
634 1888 776 1961 vulnus
795 1888 987 1987 utrinque,
1008 1897 1097 1964 aute
1121 1890 1343 1982 discessum,
1363 1916 1428 1988 ap·

316 2016 464 2118 plicans
495 2017 602 2114 (uam
627 2015 822 2091 discedere
849 2019 1051 2116 oportebat
1077 2020 1127 2093 ad
1154 2043 1286 2092 senem
1312 2039 1428 2115 quen·

317 2147 408 2219 dam
439 2145 594 2236 Indum,
624 2144 690 2242 qui
721 2152 810 2220 ante
841 2145 1053 2220 crastinum
1084 2146 1296 2220 moriturus
1327 2154 1429 2220 certo

316 2274 537 2372 putabatur,
556 2273 750 2371 baptismo
769 2275 1087 2374 impertiendum)
1106 2275 1259 2350 monuit
1275 2277 1429 2350 adstan-

317 2410 374 2477 tes
399 2409 442 2476 ut
465 2428 552 2476 oum
575 2403 757 2500 spiritum
775 2405 958 2479 ultimum
979 2405 1223 2498 reddidisset,
1247 2407 1296 2480 ad
1320 2405 1429 2479 Tem·

317 2530 439 2627 plum,
464 2530 682 2628 Sepulturae
713 2557 837 2624 causa,
865 2533 1070 2608 deferrent.
1123 2533 1147 2607 J
1150 2559 1214 2607 am
1245 2532 1431 2606 Meridies

318 2665 401 2732 erat
424 2683 511 2732 cum
536 2659 653 2732 Pater
677 2659 907 2754 discedebat,
930 2686 974 2734 ac
997 2661 1059 2736 die
1086 2660 1272 2758 sequenti,
1295 2661 1430 2734 eadem

317 2786 423 2878 hora,
443 2811 530 2859 cum
554 2787 652 2860 forte
676 2786 855 2861 navicula
878 2789 1095 2881 veheretur,
1113 2788 1222 2862 videt
1245 2789 1341 2862 duos
1365 2788 1430 2860 In-

319 2915 388 2988 dos
407 2914 626 2989 naviculam
645 2915 762 2989 remis
781 2941 821 2990 se
839 2942 973 2990 versus
992 2917 1248 3015 impellentes
1267 2941 1431 3015 cumque

319 3042 576 3140 appulisseut3
605 3043 703 3116 alter
729 3069 862 3118 eorum
890 3047 1030 3142 pedem
1056 3045 1173 3120 infert
1200 3045 1241 3118 in
1268 3070 1364 3136 eam,
1390 3043 1431 3117 in

319 3197 395 3269 qua
426 3172 543 3246 Pater
578 3179 670 3246 erat.
724 3173 800 3260 Qui
835 3176 929 3248 dum
964 3174 1162 3248 bominem
1197 3174 1283 3248 fixis
1311 3172 1431 3248 oculis

318 3302 609 3375 cunctabundus
650 3300 866 3375 intueretur
911 3304 973 3399 (ex
1013 3303 1136 3377 altera
1175 3302 1280 3376 enim
1321 3309 1432 3399 parte

318 3429 430 3504 facile
458 3455 504 3503 ex
537 3429 633 3503 facie
668 3431 844 3522 eundem,
873 3430 958 3527 quis
988 3438 1088 3505 esset
1118 3430 1358 3529 agnoscebat,
1385 3455 1433 3503 ex

320 3557 442 3631 altera
472 3581 563 3630 vero
595 3556 808 3649 dubitabat,
837 3583 987 3633 memor
1017 3559 1058 3632 in
1093 3584 1168 3657 quo
1204 3565 1308 3632 statu
1342 3582 1430 3632 eum

319 3685 445 3784 pridie
468 3684 692 3782 reliquerat)
721 3685 765 3778 is,
788 3686 914 3760 subito
940 3687 1128 3785 explicato
1153 3687 1272 3785 pallio
1297 3687 1430 3761 vulne·

319 3839 482 3911 rumque
510 3813 761 3907 cicatricibus,
793 3817 883 3912 (88.)
914 3841 981 3890 sen
1008 3816 1137 3914 potius
1162 3818 1282 3890 rubra
1310 3816 1430 3891 utrin-

319 3968 393 4042 que
420 3942 581 4034 macula,
605 3942 715 4040 quasi
736 3944 910 4018 uulneris
937 3945 1111 4042 vestigia,
1135 3953 1299 4038 ostensa,
1323 3945 1431 4020 dubi·

319 4072 507 4146 tationem
531 4097 687 4146 omnem
712 4072 889 4169 protinus
914 4074 1064 4148 eximit:
1092 4075 1221 4149 verbis
1245 4083 1434 4173 practerea

320 4225 461 4298 magno
497 4221 584 4273 cum
619 4201 761 4298 gaudio
793 4203 992 4295 exclamat,
1021 4229 1061 4277 se
1092 4204 1250 4278 omnino
1282 4230 1432 4295 sanum,

321 4355 443 4427 neque
472 4331 520 4403 ab
551 4355 596 4403 ea
627 4331 837 4428 horaque
868 4332 986 4406 Pater
1013 4331 1097 4405 heri
1129 4331 1366 4424 discesserat,
1394 4359 1435 4407 se
