3348 5346
775 513 823 586 29

239 771 279 844 in
306 771 489 864 insulam,
512 795 630 869 quam
655 770 858 844 Barbados
885 767 1007 865 Angli
1036 767 1247 865 appellant,
1269 766 1357 840 vela

239 909 389 978 vertere
408 901 562 976 animus
580 900 665 994 fuit,
686 903 839 974 deserta
856 923 944 973 cum
962 897 1153 973 mercibus
1168 897 1355 990 oneraria,

239 1033 392 1130 scaphae
413 1058 453 1107 se
475 1030 727 1107 committere.
780 1030 856 1104 Sed
878 1029 978 1103 illud
1002 1030 1151 1127 quoque
1169 1027 1353 1102 intumes-

239 1187 328 1236 cens
364 1161 538 1236 adversis
573 1159 731 1234 flatibus
762 1160 935 1257 pelagus,
967 1159 1057 1256 (91.)
1093 1164 1131 1231 et
1164 1156 1354 1230 immanes

239 1293 434 1366 undarum
476 1291 597 1364 moles
638 1289 931 1388 prohibuerunt.
1002 1286 1179 1362 Plurima
1218 1285 1354 1360 mortis

238 1416 409 1514 imagine
441 1415 617 1490 omnium
649 1414 768 1488 oculis
804 1415 1043 1505 obversante,
1071 1411 1175 1486 exitu
1205 1417 1353 1485 metum

238 1543 443 1618 familiaris
465 1545 550 1642 jam
576 1542 775 1618 metuendi
801 1543 1036 1617 consuetudo
1064 1567 1163 1638 pene
1187 1541 1352 1615 excluse·

239 1679 311 1746 rat.
365 1662 473 1746 Duos
496 1671 654 1746 omnino
678 1696 830 1746 menses
856 1676 1066 1768 tempestas
1092 1669 1228 1761 tenuit,
1251 1670 1353 1744 unde

238 1825 323 1873 non
342 1799 462 1874 maris
491 1807 558 1874 aut
585 1799 672 1873 coeli
698 1799 749 1891 vi,
775 1801 842 1874 sed
869 1824 1050 1896 sagarum
1073 1797 1260 1872 maleficio
1289 1824 1350 1872 ex·

238 1929 396 2004 citatam
427 1930 558 2028 opinio
589 1931 673 2005 fuit.
727 1930 911 2005 Protinus
939 1930 1207 2005 mulierculam
1238 1956 1351 2005 vene-

238 2057 315 2132 ficii
351 2065 569 2157 suspectam
605 2059 809 2158 arripiunt,
841 2066 880 2134 et
914 2059 1123 2135 durissima
1157 2060 1351 2135 examina·

237 2193 320 2260 tam
338 2187 561 2284 quaestione,
586 2188 689 2286 (jure
708 2213 757 2262 an
776 2188 958 2288 injuriat)
1005 2189 1063 2263 De
1082 2214 1233 2264 summo
1248 2190 1351 2264 malo

238 2325 457 2415 suspectam
476 2325 625 2393 necant.
678 2319 862 2410 Cadaver,
882 2325 920 2393 et
943 2317 1155 2417 quidquam
1174 2320 1224 2394 ad
1241 2319 1351 2393 illam

237 2444 437 2542 pertinuit,
462 2444 503 2518 in
530 2470 637 2520 mare
665 2447 880 2538 effundunt,
906 2471 982 2519 non
1011 2451 1143 2519 tamen
1171 2445 1257 2520 ideo
1285 2453 1352 2520 aut

238 2575 319 2648 vim
358 2575 476 2667 venti,
513 2582 581 2649 aut
620 2577 752 2650 furens
794 2575 967 2651 Oceanus
1007 2575 1134 2648 minas
1174 2575 1350 2650 remittit.

237 2705 412 2778 Accessit
445 2707 495 2778 ad
529 2705 771 2802 tempestatis
807 2704 1053 2778 incommoda
1086 2705 1255 2797 morbus,
1284 2705 1350 2803 qui

237 2857 306 2929 per
333 2832 487 2930 singula
512 2858 610 2930 pene
636 2839 834 2931 grassatus
861 2831 998 2930 capita,
1018 2857 1095 2905 non
1121 2856 1263 2929 paucos
1287 2857 1348 2906 ex·

237 2959 363 3034 tinxit.
416 2960 698 3035 Verumtamen
720 2961 837 3035 Pater
859 2959 934 3034 nisi
956 2962 1060 3057 quod
1080 2959 1348 3034 vehementius

237 3091 428 3164 versanda
446 3097 485 3164 et
508 3092 718 3166 exercenda
740 3089 872 3181 antlia,
892 3089 1044 3164 dierum
1066 3088 1214 3187 aliquot
1234 3089 1347 3163 febri·

237 3217 364 3290 culam
399 3217 599 3310 contraxit,
628 3219 676 3292 ab
711 3217 817 3292 omni
852 3216 1079 3314 contagione
1114 3216 1280 3291 intactus
1311 3225 1350 3292 et

237 3345 423 3420 immunis
468 3345 606 3420 extitit.
685 3343 897 3442 Multiplici
942 3345 1144 3442 perfuncta
1188 3347 1347 3420 tandem

238 3473 446 3548 miserante
473 3475 554 3549 Deo
582 3481 723 3572 praeter
749 3473 925 3548 omnium
952 3498 1060 3570 spem
1087 3473 1349 3571 Marylandiae

238 3608 394 3699 portum
413 3600 590 3676 oneraria
615 3601 751 3676 tenuit.

287 3732 336 3806 A.
356 3732 404 3806 D.
425 3734 533 3806 1656.
587 3733 634 3805 In
662 3730 911 3830 Marylandia
937 3731 1009 3804 hoo
1034 3728 1209 3827 proxime
1236 3755 1346 3828 supe·

236 3851 330 3933 riori
359 3884 459 3933 anno
489 3858 611 3933 nostri
642 3859 752 3956 gravi
784 3857 953 3933 defuncti
983 3857 1166 3955 periculo,
1194 3859 1347 3956 magnis

237 3985 526 4062 difficultatibus
553 3994 592 4062 et
617 3987 805 4085 augustiis
832 3993 923 4061 sunt
948 3985 1165 4078 conflictati,
1190 3988 1280 4086 (92..)
1309 3996 1347 4062 et

235 4117 371 4190 acerba
391 4122 476 4190 tum
498 4117 546 4190 ab
567 4115 743 4189 hostibus
765 4113 949 4212 perpessi,
968 4121 1053 4188 tum
1075 4139 1098 4187 a
1119 4113 1210 4188 suis..
1263 4115 1344 4191 An,-

235 4243 301 4341 gli,
329 4243 396 4343 qui
421 4243 642 4342 Virginiam
673 4243 857 4336 incolunt,
885 4242 926 4315 in
957 4240 1217 4340 Marylandiae
1247 4243 1344 4316 colo-

235 4395 315 4465 nos,
348 4372 452 4472 ipsos
487 4372 634 4470 pariter
664 4371 826 4469 Anglos‚
855 4373 1027 4446 fecerunt
1060 4369 1267 4468 impetum:
1308 4382 1347 4448 et

384 4505 408 4575 5
