3328 5352
828 483 878 558 45

296 698 389 774 socii
407 724 540 776 omnes
567 699 754 776 itinerum
773 725 816 776 ac
843 700 1022 776 laborum
1040 701 1081 775 in
1107 706 1260 799 partem
1285 725 1407 799 quaes-

295 829 359 904 tris
377 835 416 904 et
440 828 598 904 honoris
617 836 812 926 vocentur,
836 829 1031 928 Regisquc
1054 828 1264 928 imperium
1290 827 1408 903 latius

297 965 544 1057 propagetur.

347 1087 447 1162 Eam
473 1086 515 1161 in
541 1111 635 1181 rem,
655 1085 916 1186 navigationis
943 1085 1113 1181 comites,
1134 1086 1223 1162 cum
1250 1109 1314 1160 ecs
1341 1083 1409 1183 qui

295 1218 462 1293 fortunae
497 1217 623 1293 aleam
667 1242 798 1294 secum
833 1216 913 1292 sint
945 1216 1146 1310 tentaturi,
1181 1222 1268 1292 tum
1311 1213 1408 1290 alios

295 1347 425 1442 etiam,
461 1347 568 1424 omni
610 1346 856 1423 festinatione
890 1353 929 1423 et
963 1346 1168 1447 diligentia
1202 1344 1407 1444 conquirit.

296 1475 461 1576 Quippe,
488 1503 531 1553 re
546 1478 640 1554 'tota
667 1479 844 1553 accurate
872 1477 1126 1572 considerata,
1154 1483 1193 1553 et
1219 1475 1408 1551 Virorum

296 1631 371 1681 usu
402 1632 445 1681 ac
479 1605 688 1706 prudentia
722 1605 997 1705 praestantium
1027 1604 1188 1681 consilio
1219 1603 1406 1698 adhibito,

297 1734 428 1810 omnia
453 1737 538 1812 tum
564 1738 777 1829 commoda,
805 1736 894 1811 clun
925 1735 1171 1810 incommoda
1196 1760 1284 1833 quae
1310 1733 1408 1809 alias

297 1864 484 1940 hactenus
514 1863 684 1940 colonias
715 1864 778 1939 uel
809 1870 1097 1964 promoverant,
1127 1863 1191 1938 vel
1221 1862 1408 1962 impedie-

296 2001 396 2088 rant,
424 1994 558 2070 sedulo
579 1994 664 2093 jam
691 1994 938 2093 studioseque
963 1992 1192 2092 perpendit3
1219 1991 1407 2091 repperit

298 2149 373 2222 que
403 2123 503 2199 nihil
538 2125 642 2223 quod
672 2123 879 2199 consilium
914 2149 1029 2199 suum
1061 2148 1139 2198 non
1173 2123 1409 2221 magnopere

298 2252 480 2351 probaret
522 2277 565 2327 ac
608 2277 828 2328 successum
876 2255 1084 2352 sponderet
1126 2251 1408 2327 felicissimum.

298 2382 337 2456 N
340 2383 414 2476 am,
433 2389 472 2457 et
497 2381 642 2482 scripta
659 2409 747 2482 quae
773 2389 861 2482 post
881 2408 922 2458 se
945 2382 1105 2482 reliquit
1130 2383 1168 2457 N
1170 2381 1409 2457 obilissimus

299 2509 458 2586 patero>
483 2510 594 2586 testis
625 2512 801 2588 oculatus
832 2537 875 2586 ao
903 2511 1121 2610 locuplesffl)
1146 2536 1190 2586 ac
1219 2512 1295 2586 fide
1325 2509 1408 2610 dig·

298 2636 494 2731 nissimuS,
524 2663 687 2737 quaeque
714 2639 936 2713 constanter
962 2638 1137 2712 referunt
1164 2637 1231 2736 qui
1260 2639 1310 2712 ad
1338 2661 1408 2711 nos

297 2765 401 2860 inde,
431 2765 494 2842 vel
528 2766 636 2842 haud
670 2767 804 2864 procul
839 2766 931 2842 inde
961 2773 1180 2841 commeant
1213 2765 1407 2865 quotidie;

297 2897 383 2971 tum
413 2920 501 2994 quae
531 2893 774 2970 verissime‘l’
801 2894 958 2994 scripsit
984 2920 1027 2970 ac
1057 2893 1098 2969 in
1129 2894 1255 2968 lucem
1286 2893 1410 2969 edidit

298 3023 511 3121 Capitanus
538 3021 748 3098 Smithaeus
767 3022 834 3121 qui
861 3023 1012 3121 primus
1038 3047 1123 3096 eam
1150 3028 1293 3097 terram
1320 3046 1410 3120 ape·

298 3152 388 3246 ruit,
407 3151 508 3227 mira
532 3159 682 3227 sancet
705 3153 827 3251 prope
845 3151 1022 3227 inaudita
1040 3154 1088 3228 de
1106 3151 1179 3226 soli
1202 3150 1309 3226 illius
1335 3152 1409 3226 fer·

296 3281 439 3357 tilitate
465 3281 768 3381 excellentiaque
791 3278 1266 3356 commemorat-accedit
1291 3278 1409 3354 etiam

297 3407 644 3484 innumerabilium
672 3407 876 3483 hominum
908 3406 975 3506 qui
1002 3407 1064 3481 hie
1093 3405 1295 3504 (Londini)
1324 3431 1408 3480 ver·

298 3546 445 3632 santur,
475 3539 618 3639 quique
646 3538 686 3612 in
717 3563 782 3613 eas
810 3561 897 3612 oras
926 3538 1028 3613 unde
1057 3536 1267 3635 aliquando
1295 3560 1409 3611 vene-

296 3676 397 3763 rant,
424 3669 621 3745 reversuri
650 3675 753 3763 sunt,
783 3667 1000 3744 communis
1025 3691 1235 3742 consensus
1264 3692 1307 3742 ac
1335 3673 1410 3742 tes·

296 3797 506 3873 timonium
541 3797 618 3896 qui,
655 3822 743 3897 quae
783 3797 924 3873 litteris
959 3796 1164 3871 mandavit
1197 3796 1411 3871 Smithaeus

299 3951 376 4002 uno
403 3950 468 4001 ore
497 3926 752 4024 comprobant
778 3934 893 4025 atque
918 3926 1160 4001 confirmant.
