3402 5360
865 520 915 595 38

335 743 501 830 aetatem,
521 744 664 830 carent,
689 735 900 835 pigmentis
924 737 1087 811 barbam
1114 735 1313 830 simulant,
1333 733 1447 809 lineis

336 865 436 940 varii
472 865 611 962 coloris
642 866 694 939 a'b'
720 863 875 940 extimis
906 864 1021 941 labiis
1052 867 1102 942 ad
1133 865 1254 941 aures
1283 867 1446 964 produc·
1513 893 1516 898 ·

335 992 418 1068 tie
449 992 658 1068 Oaesariem
681 992 1057 1092 quam'plerrlmque
1079 974 1232 1093 nigram
1255 992 1447 1084 nutriunt,

335 1121 376 1196 in
421 1125 579 1216 nodum,
619 1124 675 1197 ¹ad
717 1121 916 1196 sinistram
942 1126 1098 1197 'aurem
1142 1121 1447 1197 circumductam

335 1250 435 1326 vitta
464 1250 720 1349 restringunt,
746 1248 1047 1350 additoaliquo,
1076 1253 1180 1350 quod
1206 1251 1312 1350 apud
1341 1249 1447 1349 ipsos

334 1381 376 1456 in
404 1381 529 1480 pretio
548 1379 777 1476 sit,'monili.
800 1441 803 1448 .
830 1379 1001 1469 Quidam
1019 1380 1060 1455 in
1084 1382 1211 1476 fronte
1234 1382 1449 1479 praeferunt

336 1510 452 1608 piscis
486 1511 666 1610 figuram.
688 1514 884 1608 cupream.
950 1509 1074 1607 Colla,
1094 1509 1278 1585 muniunt
1311 1507 1447 1584 ¹uitreis

335 1641 505 1740 globulis
534 1641 599 1715 filo
627 1639 794 1737 insertis,
819 1643 934 1714 ‘more
965 1639 1185 1738 torquium3
1223 1639 1448 1737 quanquam

336 1770 378 1845 hi
412 1755 569 1869 globuli
592 1768 751 1844 viliores
785 1771 891 1868 apud
925 1769 1030 1867 ipsos
1061 1794 1143 1844 esse
1173 1768 1378 1871 incipiunt,
1410 1775 1449 1842 et

336 1901 565 1976 commercio
596 1899 727 1975 miuus
759 1899 886 1976 utiles.

399 2031 644 2124 Vestiuntur,
685 2029 1005 2128 utplurimum,
1040 2029 1143 2128 pelle
1186 2029 1344 2106 cervina
1386 2029 1465 2121 vel,

336 2161 477 2236 similis
513 2159 666 2259 generis
700 2159 798 2252 velo,
827 2158 990 2258 quodssa
1023 2167 1133 2258 tergo
1169 2159 1258 2234 fluit
1292 2157 1333 2233 in
1368 2183 1447 2232 mo·

337 2292 432 2365 dum
467 2287 589 2387 pallii.
660 2285 785 2362 Oincti
824 2289 875 2362 ad
914 2287 1143 2363 umbilicum
1187 2286 1447 2386 perizomatis,

337 2422 464 2492 cetera
505 2415 611 2502 nudi.
682 2415 869 2513 Impubes
913 2415 1025 2514 pueri
1068 2417 1298 2516 puellaeque,
1340 2415 1450 2490 nulla
1485 2445 1489 2453 ·

337 2570 379 2620 re
413 2544 504 2620 tecti
543 2549 749 2644 vagantur.
818 2544 972 2620 Plantis
1006 2548 1152 2644 pedum
1183 2545 1293 2621 velut
1327 2569 1448 2620 cornu

338 2671 458 2766 duris,
494 2671 627 2771 spinas
666 2672 908 2771 tribulosque
943 2673 1093 2748 caleant
1126 2673 1254 2750 illaesi.
1323 2675 1449 2748 Arma

239 2863 242 2866 .
338 2807 440 2895 sunt,
465 2826 578 2877 arcus
609 2808 647 2877 et
677 2801 831 2901 sagittae
859 2804 956 2877 duos
983 2802 1133 2878 cubitos
1163 2804 1301 2903 longae,
1330 2828 1450 2879 cornu

337 2932 505 3026 cervino,
541 2933 605 3008 vel
639 2933 728 3008 albo
771 2939 1044 3032 praesenteque
1068 2934 1190 3017 silice
1225 2942 1451 3010 armatae.—

338 3061 562 3140 Hastanta
591 3069 674 3138 arte
704 3062 861 3156 librant,
889 3070 933 3138 ut
962 3089 1158 3162 passerem
1190 3065 1342 3140 eminus
1371 3090 1449 3140 mo·

234 3235 240 3238 -
339 3191 448 3266 dium
476 3193 682 3290 configant.
714 3191 833 3290 utque
868 3217 908 3268 se
939 3196 989 3269 ad
1023 3194 1205 3292 peritiam
1236 3201 1449 3287 exerceant,

340 3323 455 3397 locum
486 3321 576 3420 (sic;
612 3321 710 3396 forte
739 3321 877 3416 telum)
903 3321 944 3395 in
976 3322 1144 3398 sublime
1173 3323 1337 3421 jaciunt,
1363 3323 1450 3396 tum

337 3451 550 3550 impulsam
594 3477 713 3528 nervo
756 3450 939 3549 sagittam
980 3452 1087 3549 (telo)
1128 3453 1299 3552 infigunt
1341 3459 1447 3529 ante·

340 3582 455 3680 quam
501 3581 663 3657 decidat.
740 3583 848 3654 Arcu
891 3581 1075 3678 quoniam
1116 3607 1194 3656 non
1238 3581 1450 3657 admodum

251 3779 253 3783 Α
340 3715 518 3785 contento
543 3716 718 3801 utuntur,
738 3715 882 3782 metam
909 3708 1023 3807 longe
1049 3710 1217 3808 positam
1239 3709 1354 3784 ferire
1372 3733 1450 3784 non

340 3847 514 3939 possunt.
555 3840 631 3914 His
658 3837 778 3914 armis
805 3837 957 3932 vivunt,
977 3845 1016 3914 et
1040 3837 1213 3938 quotidie
1239 3864 1310 3938 per
1337 3862 1451 3937 agros
