3328 5352
470 767 799 872 Adnotationcs.
872 768 1018 872 Notos.

229 998 263 1056 P.
283 1002 329 1058 10.
353 1042 359 1057 .
384 1042 391 1056 .
434 999 518 1057 navis
521 1043 650 1060 .....
692 999 741 1057 Ex
763 1005 779 1028 “
789 998 914 1058 historie
935 998 1160 1057 Provinciarum
1175 997 1301 1056 loedera·

189 1113 297 1181 tarum,
314 1109 489 1181 Bancroft,’'
509 1116 628 1168 constat
648 1109 765 1168 Navem
780 1109 901 1178 dictam,
918 1109 1009 1167 Arcae
1030 1109 1148 1167 nominc
1170 1111 1301 1187 appella·

190 1221 251 1273 tam
273 1216 382 1292 fuisse3
404 1217 520 1275 Navem
541 1219 612 1276 remi
634 1218 777 1276 minorem
797 1217 951 1277 Columbae
971 1217 1097 1277 nomine.
1142 1219 1299 1296 Peregrini

191 1343 265 1401 quos
290 1326 422 1384 Haeresis
443 1327 506 1385 solo
527 1327 626 1403 patrio
641 1333 773 1386 extorres
788 1327 850 1384 lieri
872 1326 1064 1402 compulerat,
1081 1344 1139 1384 non
1160 1327 1300 1387 ridentur

191 1451 261 1492 cusu
277 1435 378 1493 iniisse
394 1437 514 1494 Arcam
529 1435 603 1508 Noe,
620 1441 651 1494 et
669 1435 851 1497 Columbam
864 1436 882 1492 d
897 1433 1075 1493 Patriurcht
1090 1435 1236 1494 emissam.

231 1697 238 1712 .
262 1699 269 1712 .
315 1653 359 1712 Of
375 1653 426 1712 the
448 1654 514 1730 ship
516 1698 643 1716 .....
689 1655 721 1713 It
742 1672 869 1730 appears
890 1655 964 1713 from
985 1654 1036 1713 the
1059 1653 1185 1730 History
1199 1653 1233 1712 ol
1249 1653 1300 1713 the

193 1763 309 1823 United
332 1763 442 1836 States,
458 1765 497 1841 by
518 1764 670 1837 Bancroft,
686 1765 754 1823 that
767 1765 818 1823 the
840 1764 915 1842 Ship
930 1764 1042 1842 spoken
1058 1765 1096 1836 oi,
1112 1783 1172 1823 was
1193 1765 1301 1822 named

192 1871 242 1929 the
259 1871 348 1942 Arlc;
368 1873 424 1930 but
438 1871 505 1930 that
518 1872 569 1930 the
584 1873 704 1931 smaller
718 1873 785 1950 ship
799 1891 859 1931 was
874 1873 972 1932 called
986 1874 1037 1932 the
1052 1875 1147 1934 Douc.
1184 1874 1216 1932 It
1230 1874 1302 1932 does

193 1988 245 2040 not
259 2000 340 2040 seem
360 1987 392 2039 to
413 1981 488 2040 have
508 1983 583 2040 been
604 1983 643 2058 by
657 2000 737 2040 mere
753 1983 864 2041 chance
885 1983 952 2042 that
966 1983 1017 2041 the
1039 1982 1191 2060 Pilgrims,
1207 1983 1302 2042 whom

194 2091 313 2168 Heresy
327 2089 387 2150 had
402 2092 503 2150 forced
517 2098 548 2150 to
564 2093 732 2168 expatriate
746 2093 930 2165 themselves,
947 2093 1107 2152 emberked
1122 2094 1153 2151 in
1168 2093 1218 2152 the
1234 2094 1304 2152 Are

163 2219 165 2224 ·
193 2201 226 2258 ol
243 2200 344 2272 Noah,
360 2201 420 2259 and
433 2201 485 2259 the
500 2203 586 2262 Dooe
600 2208 667 2260 seut
681 2202 759 2260 forth
775 2203 814 2279 by
828 2203 878 2261 the
894 2203 1062 2262 Patriarch.

944 2400 1291 2410 ———-

235 2533 302 2612 (B.)
326 2533 361 2594 P.
382 2535 450 2593 16..
470 2580 476 2592 .
493 2540 692 2610 occupaverat
706 2552 753 2592 me
755 2579 856 2594 .....
903 2535 1032 2594 Sanctus
1053 2536 1173 2612 quidem
1190 2535 1305 2594 Paulus

194 2662 338 2703 enarrans
357 2645 473 2704 favores
494 2645 551 2702 sibi
566 2645 690 2705 coelitus
705 2663 869 2717 concessos,
885 2645 921 2704 de
939 2665 979 2717 se,
995 2653 1139 2723 tanquam
1154 2647 1190 2705 de
1205 2647 1305 2718 tertio,

194 2751 337 2830 loquitur.
383 2751 446 2812 Cur
461 2758 560 2811 autem
576 2753 703 2829 scriptor
719 2753 807 2828 hujus
822 2753 956 2830 epistoiae
971 2753 1180 2812 verecundiam
1196 2772 1305 2812 exuere

194 2862 314 2922 videtur
328 2861 358 2919 in
377 2861 570 2938 praedicundo
585 2862 621 2920 de
637 2860 759 2938 seipso?
802 2862 895 2921 Forte
910 2862 982 2938 quia
996 2862 1127 2920 scribens
1143 2879 1197 2920 suo
1213 2862 1307 2940 Supe-

193 2971 275 3044 riori,
292 2972 352 3030 sive
367 2971 392 3029 is
413 2971 504 3030 fuerit
525 2971 723 3032 Prouincialis
738 2972 859 3049 Angliae
875 2980 928 3032 aut
950 2973 1106 3034 Generalis
1126 2977 1305 3052 praepositus

197 3081 365 3153 Societatis,
387 3081 537 3156 integram
561 3081 749 3139 conscientiae
769 3082 917 3140 rationem
942 3082 1131 3141 manifestere
1154 3085 1303 3161 cupiebat.

197 3189 350 3266 Quicquid
365 3175 465 3260 idest,
481 3207 540 3246 non
556 3195 674 3248 constat
688 3189 755 3266 quis
770 3189 820 3248 ille
836 3190 929 3248 Pater
944 3191 1034 3250 luerit
1048 3193 1066 3249 d
1080 3209 1140 3268 quo
1155 3192 1201 3251 hae
1216 3195 1307 3270 scrip·

194 3307 234 3358 tae
249 3305 320 3360 suut
334 3300 450 3372 litterae,
466 3317 562 3376 neque
578 3301 617 3359 ad
631 3319 720 3377 quem
734 3302 924 3360 transmissae.

238 3410 381 3487 Superior
395 3409 549 3468 Missionis
564 3410 765 3483 Marilandiae,
781 3429 840 3483 eas,
850 3417 887 3469 'ut
900 3412 1058 3470 verisimile
1074 3419 1127 3485 cst,
1143 3413 1309 3490 scripserit3

196 3519 249 3578 sed
270 3519 361 3591 nullo,
383 3519 465 3596 quod
489 3519 590 3591 sciam,
613 3526 790 3595 argumento
811 3519 955 3593 firmatur,
977 3521 1033 3579 hoc
1054 3521 1149 3580 officio
1170 3523 1304 3582 functum

174 3647 179 3656 ‘
196 3647 260 3688 csse
276 3630 398 3689 Patrem
413 3629 568 3687 Andream
584 3628 686 3688 White
703 3629 818 3707 (Vites,
835 3636 868 3688 ut
884 3631 1006 3688 annales
1021 3629 1114 3689 nostri
1129 3650 1196 3690 eum
1211 3633 1304 3694 latine

196 3740 319 3818 vocant)
343 3741 442 3798 utrium
468 3740 561 3798 Pater
587 3740 722 3798 Joannes
747 3740 854 3812 Brock,
879 3742 994 3815 (verum
1020 3742 1082 3816 ejus
1107 3760 1214 3802 nomen
1239 3751 1304 3804 erat

196 3849 288 3908 doun.
303 3849 451 3927 Morgan)
467 3849 553 3906 sociis
568 3849 728 3924 praefuerit,
740 3866 786 3907 res
802 3849 892 3907 estin
907 3849 1007 3922 dubie,
1023 3853 1193 3927 quanquam
1208 3855 1304 3930 magis

198 3961 235 4018 ad
250 3959 406 4020 veritatem
424 3960 563 4018 accedere
578 3959 697 4018 videtur
711 3978 778 4017 eum
793 3978 852 4018 non
873 3960 1026 4036 praeluisse
1042 3962 1112 4019 ante
1127 3980 1237 4020 annum
1251 4001 1299 4024 -.

199 4069 258 4129 Sed
274 4070 308 4128 P.
321 4069 493 4141 Andraeam,
506 4070 524 4126 a
537 4086 597 4145 quo
608 4069 731 4144 perinde
743 4069 869 4128 decebat
882 4069 936 4127 has
948 4070 1014 4128 dari
1025 4071 1140 4129 litteras
1155 4073 1194 4131 ad
1210 4073 1248 4133 A.
1263 4075 1301 4134 R.

198 4182 231 4240 P.
249 4180 426 4242 Generelem
447 4179 625 4256 ipsum-ad
646 4179 730 4237 illum
752 4179 830 4237 enim
851 4180 971 4238 directae
992 4179 1140 4254 ridentur,
1162 4184 1303 4258 quoniam

198 4309 271 4360 eum,
288 4290 327 4348 ad
341 4306 429 4366 quem
445 4288 555 4361 scribit,
571 4288 661 4346 titulo
676 4287 809 4364 appellat
824 4289 1029 4348 Paternitulia
1043 4294 1159 4361 uestrae,
1177 4297 1211 4349 ut
1224 4291 1303 4350 vide-

197 4404 244 4456 tur
258 4399 290 4456 in
304 4397 349 4456 his
364 4397 472 4456 litteris
488 4397 563 4473 Peg.
583 4397 629 4458 27.
1061 4372 1063 4377 ⁵

327 4508 367 4572 19
782 4506 842 4570 101
