3402 5360
865 497 913 570 15

332 711 474 804 mebat,
502 733 618 810 quem
643 717 745 787 tetra
775 735 851 786 nox
877 710 1145 809 frequentibus
1171 711 1265 786 foeta
1289 710 1443 785 terrori·

334 841 407 915 bus
434 841 611 940 augebat.
663 841 916 916 Illucescente
939 841 1012 935 die,
1032 842 1121 917 oiim
1139 841 1303 916 africum
1329 841 1443 915 habe·

334 993 466 1045 remus
484 969 734 1064 contrarium,
754 970 846 1068 quia
868 976 999 1046 tamen
1024 969 1247 1069 languidior
1264 976 1359 1064 erat,
1376 993 1446 1068 per

332 1098 477 1173 multas
495 1098 677 1198 ambages
704 1099 807 1174 lente
833 1098 1155 1197 provehebamur.
1203 1099 1267 1173 Ita
1291 1097 1444 1191 Martis,

333 1227 521 1303 Mercurii
548 1235 587 1304 et
614 1227 724 1304 Jovis
753 1227 836 1304 dies
862 1227 1105 1303 variantibus
1139 1228 1276 1320 ventis,
1304 1226 1445 1325 exiguo

332 1359 507 1456 profectu
541 1357 681 1434 abiere.
760 1357 834 1432 Die
867 1357 1044 1450 Veneris,
1081 1357 1279 1432 obtinente
1322 1357 1444 1430 Euro·

333 1487 447 1581 Noto,
480 1494 519 1562 et
551 1487 710 1584 glaucas
744 1494 903 1586 cogente
938 1487 1061 1562 nubes
1096 1493 1213 1561 vento
1247 1485 1443 1584 gravidas²

331 1622 465 1692 tantus
483 1615 584 1691 circa
602 1640 805 1714 vesperam
823 1639 864 1690 se
881 1615 995 1689 turbo
1014 1614 1162 1707 effudit,
1177 1621 1222 1690 ut
1238 1613 1445 1689 momentis

333 1742 510 1842 singuiis
537 1743 765 1818 involvendi
794 1742 978 1818 fiuctibus
1005 1743 1239 1818 videremur.
1309 1743 1445 1840 Neque

332 1872 489 1948 mitiora
516 1872 769 1971 promittebat
796 1872 865 1948 lux
895 1871 1102 1970 insequens
1133 1874 1304 1947 Andreas
1336 1895 1444 1969 apos·

331 2003 411 2078 tolo
429 2027 539 2078 sacre
556 2003 595 2078 N
597 2003 701 2097 ubes
716 2002 928 2078 terrificum
946 2001 986 2076 in
1006 2028 1154 2078 morem
1173 2009 1444 2092 excrescentes,

332 2131 472 2208 terrori
490 2138 602 2207 erant
624 2131 867 2207 intuentibus
886 2133 1094 2230 antequam
1114 2132 1444 2208 discinderentur:

333 2265 371 2335 et
397 2258 620 2358 opinionem
646 2259 839 2348 faciebant
864 2259 1055 2360 prodiisse
1072 2263 1282 2336 adversum
1309 2285 1379 2336 nos
1401 2260 1445 2334 in

334 2388 467 2484 aciem,
499 2414 633 2465 omnes
663 2388 825 2488 spiritus
859 2397 1137 2487 tempestatum
1168 2391 1374 2483 malefice-s,
1408 2397 1448 2464 et

333 2518 457 2593 malos
487 2519 620 2617 genios
647 2543 781 2593 omnes
809 2517 1082 2618 Marylandiae.
1149 2519 1345 2594 Inclinat&
1372 2518 1446 2611 die,

335 2646 437 2722 vidit
475 2647 708 2724 Navarchus
743 2649 887 2724 Piscem
915 2650 1000 2724 sotis
1030 2649 1160 2724 cursui
1190 2650 1309 2725 solari
1340 2649 1446 2725 obni-

334 2782 503 2854 tentem:
548 2780 652 2876 quod
693 2777 864 2854 horridae
901 2779 1144 2876 tempestatis
1187 2779 1447 2856 certissimum

340 2906 428 3006 (est)
459 2905 668 2982 indicium:
697 2932 821 3005 neque
846 2907 942 2982 fides
966 2907 1091 2984 abfuit
1117 2909 1292 3008 augurio
1345 2911 1449 2985 Nam

335 3035 437 3112 cirea
474 3037 676 3112 Decimam
714 3043 944 3112 nocturnam
979 3061 1079 3112 caeca
1114 3040 1236 3114 nubes
1280 3047 1448 3114 atrocem

336 3165 488 3263 depluit
517 3165 695 3241 imbrem.
749 3167 878 3259 Hunc,
906 3168 987 3241 tarn
1014 3165 1197 3242 immanis
1223 3169 1339 3242 turbo
1366 3193 1448 3242 sus·

336 3293 448 3392 oepit,
468 3301 512 3369 ut
538 3319 691 3370 necesse
717 3293 835 3370 fuerit
860 3294 1089 3392 quantocius
1108 3297 1157 3371 ad
1184 3295 1273 3371 vela
1299 3303 1448 3371 contra·

337 3424 467 3498 henda
509 3449 728 3500 accurrere:
780 3447 904 3520 neque
946 3421 987 3496 id
1030 3423 1114 3498 fieri
1148 3426 1229 3499 tam
1273 3425 1451 3523 expedite

337 3551 476 3652 potuit,
496 3536 613 3657 quam
640 3550 819 3643 acatium,
848 3575 915 3624 seu
942 3551 1075 3624 velum
1101 3553 1239 3649 majus,
1267 3577 1342 3650 quo
1370 3552 1451 3626 solo

339 3679 633 3779 navigabamus,
661 3679 834 3756 medium
872 3679 895 3755 a
928 3703 1078 3754 summo
1117 3681 1296 3756 deorsam
1331 3681 1450 3756 finde·
